1495 2681
153 120 209 172 226
246 119 663 176 MscnonusSruuuTusomo.
722 121 723 125 ’

153 289 155 292 ⁴
226 236 257 278 Ut
275 236 301 279 acl
317 237 411 280 exercicia
426 237 553 286 redeamus,
569 248 614 295 qua
630 234 653 277 in
666 230 738 277 scholis

159 313 308 363 peraguntur,
325 304 391 362 quaeri
400 300 480 363 potest,
495 298 546 345 fitne
559 300 691 360 couveniens
701 311 737 342 aut

160 362 312 416 necell'arium,
328 364 437 427 discipulos
456 365 536 411 auibus
551 363 637 427 publicis
649 380 686 426 per
697 360 737 408 ob-

155 431 261 496 jectiones
271 435 294 475 δι
305 429 447 493 responsiones
458 431 581 481 scholasticas
593 445 692 481 exercere,
698 427 735 474 ubi

161 497 316 557 argumentatio
329 496 397 542 forma
412 510 536 559 proponant
546 512 609 559 atque
621 491 739 541 resolvant?

158 577 186 606 an
198 563 264 626 magis
276 578 301 606 ex
312 578 334 606 re
343 560 378 610 sit,
387 578 424 606 eos
429 562 563 623 lleeiionibiis
574 561 696 625 theologicis
706 560 733 606 ad

109 625 111 627 ’
158 642 205 671 eam
217 642 261 671 rem
273 628 427 685 componendis
438 640 519 671 tentare
530 625 604 674 vires?
621 643 657 673 aut
668 624 732 672 dubia

157 691 193 738 sua
203 694 273 753 paucis
283 707 306 735 ac
315 688 514 751 fimplicibusverbis
520 692 651 754 proponere,
664 689 736 737 sormae

103 787 106 792 -
156 754 360 807 scholasticaelenon
370 754 537 819 adstringendo?
554 761 603 804 Hoc
613 756 732 807 certumst,

157 822 220 885 quod
237 820 288 866 olim
304 820 402 883 palmaria
415 824 508 867 exercitia
523 822 686 885 Theologorum
697 824 735 867 Fa·

157 886 236 933 cultatis
247 885 360 932 Parifienfis
372 890 393 931 in
404 885 530 932 lectionibus
539 887 627 948 publicis
636 888 734 933 constite-

156 954 215 1003 tint,
230 949 272 998 five
282 953 513 1014 ScripturamSacram,
530 950 571 998 five
587 953 733 998 sententiarum

156 1016 282 1081 Magistrum
293 1018 437 1080 explicando:
448 1027 518 1080 neque
528 1018 616 1064 dubium
623 1018 664 1069 est,
675 1031 735 1064 exer-

157 1084 229 1129 citium
240 1082 283 1127 hoc
292 1099 410 1145 permagno
427 1083 470 1128 usui
483 1085 539 1135 elle,
555 1086 663 1147 ingenium
675 1082 734 1129 valde

156 1162 247 1197 acuere,
263 1149 289 1192 ad
307 1147 392 1193 solidam
410 1148 550 1209 questionum
565 1151 662 1195 notitiam
677 1151 731 1195 viam

155 1212 246 1258 sternere
257 1242 264 1261 ‚
279 1213 413 1273 modumque
429 1212 550 1260 facillimum
561 1229 654 1260 mentem
665 1214 732 1275 expli-

148 1278 217 1341 candi
233 1276 348 1323 ostendere.
377 1280 462 1324 Urinam
478 1282 546 1324 modo
558 1281 657 1325 'exercitiis
669 1278 700 1324 his
711 1281 733 1325 iu

153 1341 732 1407 Theologialocusa'elhncellet‚ficutadhucapudeosin

153 1408 192 1454 usu
201 1407 265 1460 sunt,
281 1412 348 1469 quiin
363 1409 483 1472 Collegium
497 1410 638 1457 Sorbonicum
651 1411 676 1455 ad
693 1427 729 1464 ex-

152 1472 262 1519 colendam
272 1472 428 1536 Philosophiam
438 1478 514 1537 recepti
525 1476 571 1520 lunt
581 1506 587 1525 ,
604 1478 685 1537 quique
691 1490 729 1537 per

151 1537 261 1584 biennium
273 1568 280 1588 ‚
297 1538 419 1601 priusquam
430 1542 451 1584 in
463 1542 580 1585 societatem
590 1541 730 1591 adtestantur,

150 1605 226 1649 docere
236 1621 283 1647 eam
296 1619 401 1657 tenentur.
426 1607 475 1649 Sed
486 1621 525 1650 nec
535 1604 727 1651 illudinficiandum

149 1668 196 1719 est,
212 1670 272 1731 quod
290 1667 421 1733 objecstiones
433 1673 455 1713 δι
472 1663 613 1731 responsiones
629 1668 722 1731 publica,

148 1749 214 1796 prout
226 1732 519 1785 methoduslcholasticasen,
535 1749 576 1780 ram
586 1737 723 1797 adingeuium

150 1797 310 1850 exercendum,
328 1800 542 1860 ernendaudumque‚
559 1816 622 1862 quam
635 1802 660 1844 ad
677 1816 726 1861 pro-

148 1865 279 1927 ponendas,
295 1863 467 1924 resolvendasque
491 1861 639 1917 difficultates,
655 1865 724 1911 verbis

146 1932 234 1993 paucis,
244 1931 312 1975 modo
323 1944 430 1979 accurato,
442 1929 575 1991 limatoque,
591 1934 620 1976 ira
636 1946 659 1975 ut
669 1930 680 1975 a
692 1932 724 1975 via

146 1995 314 2044 neaberremus‚
325 1997 454 2056 permultum
465 1993 584 2047 conferant,
595 1998 645 2059 quia
652 1996 721 2058 dispu-

148 2074 194 2105 tans
204 2061 242 2105 hac
251 2063 331 2104 ratione
338 2063 432 2121 cogitur,
445 2062 522 2105 directe
528 2063 664 2113 concludere,
673 2078 722 2122 pro-

146 2123 316 2187 pofirionemqne
326 2142 423 2190 negatam
434 2125 537 2187 probare,
554 2144 590 2173 aur
603 2133 672 2173 datam
690 2129 722 2172 dn

85 2220 88 2224 s
144 2190 277 2235 {linctionem
289 2196 425 2255 impugnare,
436 2194 504 2236 donec
513 2190 622 2240 difficultas
633 2192 721 2253 exspira.

147 2259 206 2310 vetit.
246 2260 369 2302 Cavendum
382 2271 452 2302 tamen
465 2257 513 2307 est3
530 2275 556 2309 ne
567 2262 670 2305 methodo
681 2258 721 2304 hac

146 2319 266 2374 abutamur,
275 2323 335 2386 quod
343 2321 397 2377 fit,fi
406 2333 438 2371 10.
444 2324 470 2369 acl
478 2322 607 2388 syllogismos
618 2324 722 2390 firnplices

133 2408 136 2412 ·
675 2405 722 2439 tan·
