1495 2681
90 126 91 129 ¹
145 96 237 162 Recta
254 94 448 152 lusntuuunt.
470 91 536 148 Can.
549 94 584 148 ll.
624 107 658 163 23

79 172 660 191 --———-————2·-—-·-—-——

73 191 180 264 in‘pa'tres'.
211 193 270 246 Cum
287 198 345 243 enirn
361 198 454 242 duorum
465 196 545 242 horum
557 200 658 245 ordinum

74 264 173 331 Religiofi
197 262 302 310 Familiam
318 264 341 307 in
357 263 473 308 Academiis
495 262 612 314 ducerent,
634 269 658 310 δε

42 339 44 342 ’
72 332 213 395 Theologiam
227 331 300 396 majori
314 326 434 375 assiduitatis
450 330 587 392 nominisque
601 325 658 374 sarnai

72 415 112 463 pta
122 395 251 444 Seculatibus
261 393 468 459 profiterentut‚qui
478 394 656 456 posterioresJuri
691 401 693 405 ’

71 465 143 528 potius
161 462 243 513 Civili,
270 462 428 524 Canonicoque
451 459 516 523 qudm
530 460 656 524 Theologiae

70 525 197 577 Scholastica
204 543 292 591 operam
302 527 384 574 dabant.
417 525 655 574 Illorumdocendimo-

2 600 5 604 ’
70 597 109 642 dus
119 597 276 658 opinionesque
291 593 349 640 brevi
360 609 458 657 ternpore
475 593 552 639 radices
563 591 654 657 agebant

68 659 148 723 ubique
159 679 168 723 3
189 661 239 707 hinc
250 661 296 707 duae
305 661 369 707 Serta
379 659 421 706 five
432 660 541 706 Fadliones
551 661 574 705 in
585 659 654 704 Scho·
677 674 678 677 ’

67 724 92 770 lis
102 742 195 789 exortae3
211 742 302 790 quarum
313 743 355 772 una
364 728 385 774 S.
395 727 518 777 rhomam,
533 724 653 772 altetaSco-

68 803 115 835 tum
130 791 277 855 sequebantur.
309 793 401 837 Aderant
415 806 501 843 tamen,
518 793 651 855 quitertiam
722 800 723 803 ’

66 855 149 916 insuper
159 859 242 913 Sedlam
256 856 390 907 conflabant,
408 859 490 918 quique
500 856 650 904 Nominaliunr

65 920 192 967 methodum
198 937 324 968 renovantes
335 938 384 968 cum
394 921 514 985 Theologis
525 923 650 969 Avertoisti-

65 987 93 1030 cis
103 983 144 1031 five
151 987 252 1034 Realibus
269 988 296 1033 de
310 989 427 1050 principatu
441 986 560 1033 certabant:
579 990 650 1052 Hujus

64 1052 154 1114 agminis
175 1055 275 1113 precipua
289 1055 343 1098 inter
354 1055 421 1116 capita
437 1051 492 1099 Guil.
503 1055 589 1117 Oetam!
601 1053 649 1099 fuir.

62 1118 196 1164 Raimundus
204 1117 283 1164 Lullius
288 1133 366 1164 novam
371 1120 508 1165 ratiocinandi
519 1118 649 1165 methodum

62 1183 157 1228 invenire
167 1182 252 1233 voluit,
269 1182 301 1229 sed
317 1183 351 1230 illa
361 1186 414 1230 adeo
428 1199 471 1230 erar
481 1182 581 1235 obscura,
592 1185 647 1231 adeo

62 1249 224 1294 extraordinaria
233 1247 422 1310 denfisquenobsrta
433 1247 604 1303 difficultatibus,
621 1264 651 1296 ut-

61 1314 121 1374 paucr'
131 1328 180 1358 eum
190 1313 320 1361 sedarentur.
359 1316 475 1361 Durandns
491 1314 584 1360 aSanito
602 1317 645 1360 Ρο-

62 1379 121 1423 tiano
135 1378 247 1441 Episcopus
259 1378 371 1425 Meldenfis
383 1382 463 1442 primus
473 1395 516 1425 erat
526 1379 644 1433 eclecticus,

61 1445 130 1505 quiin
139 1442 217 1489 nullius
227 1446 325 1505 principia
331 1447 404 1509 jurans
420 1461 478 1490 irunt
488 1443 573 1496 abhis,
585 1461 645 1491 nunc

60 1507 87 1552 ab
97 1507 152 1561 illis,
168 1510 228 1571 quod
237 1507 274 1570 ipsi
286 1510 313 1553 ad
323 1525 368 1554 rem
379 1508 501 1559 videbatur,
511 1511 571 1556 suum
582 1507 644 1556 sacie-

59 1571 111 1624 bat,
127 1573 430 1637 novatumquesenrentiatum
440 1590 554 1621 numerum
569 1577 644 1638 gnavi-

59 1651 90 1683 ter
102 1638 225 1701 adaugebat.
274 1639 323 1685 Post
331 1657 381 1686 eum
393 1643 492 1705 majorem
510 1638 548 1685 fibi
558 1640 642 1686 liberta-

59 1716 102 1748 tem
113 1704 219 1768 Theologi
236 1702 361 1760 sumebant,
380 1704 465 1770 fibiqne
480 1705 590 1769 peculiaria
609 1704 641 1751 es-

23 1817 25 1820 ⁴
58 1766 179 1814 formabant
188 1768 306 1827 Systemata.

38 1848 50 1875 a
136 1834 212 1880 Seculo
227 1836 309 1880 decimo
320 1835 398 1896 quinto
409 1834 526 1899 Theologia
536 1837 640 1898 principiis

11 1910 14 1914 ⁴
56 1897 164 1959 Scriptura
173 1901 192 1945 S.
202 1909 265 1962 'arque
276 1902 400 1945 Traditione
408 1897 511 1951 sundata,
527 1902 600 1947 denuo
606 1917 640 1947 re-

56 1961 104 2007 duci
114 1964 198 2027 colique
210 1967 274 2028 coepit
287 1982 324 2028 pet
340 1964 466 2028 Theologos
475 1967 582 2026 quosdam
598 1967 640 2012 do-

57 2026 123 2073 urina
134 2031 265 2090 prestantes,
282 2034 319 2093 qui
325 2046 408 2092 tempus
419 2036 440 2076 ὃς
447 2047 533 2092 operam
540 2032 638 2094 quastio-

58 2087 121 2136 nibus
136 2094 221 2149 utilibus
236 2112 282 2142 tum
294 2099 316 2141 in
327 2096 452 2148 dodttinali,
463 2110 509 2142 tum
526 2101 549 2142 in
563 2097 639 2143 morali

56 2153 164 2220 theologia
175 2161 305 2207 laudabiliter
316 2159 463 2216 insumebant,
480 2178 559 2225 easque
570 2163 638 2210 modo

54 2218 160 2288 perspicuo
172 2225 254 2280 solido,
270 2222 420 2291 spinarumque
433 2227 640 2293 Methaphysrcarum

58 2320 63 2329 2
374 2294 422 2351 B4
467 2299 491 2316 ²
603 2309 640 2339 ex·-
