1495 2681
135 127 188 180 106
225 118 632 180 Mnrnuunsstnnnanoroe.

132 250 150 278 »r
159 225 207 274 secit
216 233 300 292 propter
315 232 411 276 inimicos
417 247 428 279 ·,
449 223 703 292 quispersupetbiamlo.

133 320 148 342 ³>
159 296 266 356 quaciratis
275 297 354 342 inimici
366 296 429 342 crucis
438 294 526 345 Christi,
537 295 597 338 etiam
606 305 657 336 cum·
665 289 702 335 aliu'

134 387 148 408 ‚t
158 375 201 422 qua
211 376 259 406 vera
271 361 343 407 dicunt
352 392 358 411 ,
366 383 368 386 ·
375 359 463 422 parvulis
472 375 540 407 tamen
549 353 703 406 &laetantibus

132 451 148 476 ‚³
158 422 251 486 prodesse
262 440 307 470 non
315 424 404 487 potsunt.
686 480 689 487 Ι,

181 549 183 551 ‚
199 487 319 553 Elegantius
328 490 378 536 nihil
389 488 417 534 est
427 502 438 541 ,'
451 504 515 552 quarn
527 503 574 552 quae
589 488 608 533 S.
619 489 701 549 Grego-

132 553 176 599 rius
184 555 206 599 in
218 553 253 601 sua
271 557 296 601 ad
307 556 326 600 S.
339 553 455 601 [eandrum
471 554 652 617 Archiepiscoputn
663 554 701 597 Hi-

131 616 240 681 spalensem
251 617 340 682 Epistola
354 635 398 679 cap.
407 630 428 678 4.
445 619 484 665 hle
497 623 523 666 de
533 637 555 666 te
567 619 639 669 babet,
652 633 701 663 cum

132 684 221 729 Moralia
231 682 263 729 sua
273 686 294 728 in
305 681 386 746 Jobum
398 681 434 742 ipfi
450 687 541 730 mitteret
558 701 563 728 :
588 685 702 737 „Divinus

130 776 145 798 ‚‚
155 751 212 793 enim
222 747 299 799 sermo,
309 746 447 812 inquit,ficut
454 751 476 794 in
483 750 583 809 mysteriis
589 750 702 812 prudentes

130 840 144 862 „
154 828 248 864 exercet,
263 811 290 860 fic
306 812 429 876 plerumque
444 813 547 877 superficie
558 812 658 876 fimplices
668 830 703 860 te.

130 876 221 942 „¹sovet.
261 878 332 926 Habet
342 882 363 925 in
371 878 467 942 publico,
477 880 534 925 unde
550 879 647 941 parvulos
660 894 705 925 nu*

130 971 144 993 2,
154 946 219 1003 triat3
236 942 298 992 servat
310 946 333 990 iu
346 944 434 995 secreto,
450 946 507 991 unde
517 959 598 990 mentes
609 942 700 990 sublimi-

130 1038 145 1064 ‚,
154 1008 219 1055 urnin
226 1010 383 1057 admirationem
393 1009 505 1072 suspendat.
537 1007 602 1065 Qafi
614 1010 700 1073 quidam

130 1070 234 1137 ‚squippe
241 1078 269 1121 est
278 1075 370 1128 fluvius,
381 1079 438 1122 ntita
450 1076 549 1128 dixerim,
560 1073 635 1136 planus
644 1073 699 1120 &al-

130 1168 145 1189 „
156 1155 204 1185 tus:
219 1142 241 1183 in
251 1155 297 1202 quo
310 1144 333 1185 &
342 1157 410 1203 agnus
419 1140 528 1191 ambulet,
544 1146 566 1187 &
577 1139 658 1203 elephas
663 1155 700 1185 na·

128 1231 143 1255 ‚‚
153 1218 186 1249 tet.
218 1207 248 1249 Ut
259 1220 310 1268 ergo
322 1206 486 1272 uniuscujusque
499 1206 541 1252 loci
555 1206 701 1268 opportunitas

127 1296 142 1319 ‚2
150 1267 253 1332 postulat,
264 1272 292 1315 ita
308 1267 376 1332 seper
389 1270 482 1317 studium
498 1268 630 1333 expofitiouis
645 1271 699 1315 ordo

127 1362 143 1384 „
154 1336 263 1386 immutat,
272 1348 376 1397 quatenus
386 1350 447 1382 tanto
457 1339 525 1382 verius
534 1334 699 1382 sensumdivinae

127 1427 143 1450 ‚2
151 1400 264 1448 locutionis
273 1403 365 1447 inveniat
379 1417 459 1463 quanto
471 1416 494 1447 ut
505 1399 640 1464 res‘quaequae
651 1417 700 1447 exe.

127 1493 142 1515 ,ι
152 1468 210 1530 gerit,
217 1482 253 1528 pet
264 1463 368 1512 causatum
380 1466 453 1526 speeies
462 1466 568 1513 alternant.
575 1496 589 1517 ‚‚
605 1466 698 1516 Eandem

126 1534 215 1582 „Sactae
229 1532 346 1593 Scripturae‘
359 1531 467 1578 utilitatem
488 1529 634 1594 inptaesatione
653 1531 699 1577 libti

126 1594 247 1660 „vigesimi
257 1597 371 1643 Moralium
386 1595 485 1646 suorum,
500 1596 656 1659 insequentibus
667 1596 699 1642 his

126 1689 141 1710 υ
150 1665 238 1725 graviter
250 1664 360 1726 depingit:
382 1664 486 1720 Qamvis
496 1665 584 1708 omnem
595 1662 697 1708 scientiam

123 1737 140 1776 'n
150 1742 214 1790 atque
220 1729 340 1775 dodltinam
345 1729 507 1790 ScripturaSacra
513 1726 556 1774 fine
564 1727 633 1790 aliqua
638 1728 698 1774 coni-

125 1820 140 1842 2,
152 1795 261 1855 paratione
276 1793 401 1842 transcendat
417 1811 423 1837 :
446 1809 469 1840 ut
483 1809 559 1841 taceam
575 1793 635 1857 quod
650 1808 699 1840 veta

124 1860 260 1921 „praedicati
281 1854 341 1922 quod
357 1860 382 1904 ad
399 1858 502 1905 coelestem
518 1863 604 1922 patriam
625 1858 697 1904 vocat-r

124 1952 140 1973 ι,
150 1924 234 1987 quod'al
243 1928 328 1971 terrenis
333 1920 434 1971 defidetiis
442 1926 467 1971 ad
474 1923 559 1987 superna
568 1923 698 1987 ampledten·

125 2019 139 2040 ω
151 1993 177 2036 da
194 2007 230 2038 cor
244 1989 332 2055 legentis
347 1992 445 2035 immutat
457 2006 462 2033 :
473 1992 542 2052 quod
552 1991 611 2036 diuis
621 1987 696 2036 obscu-

126 2085 140 2107 ,‚
149 2055 239 2102 rioribus
249 2070 330 2103 exercet
338 2053 417 2101 sortes:
433 2056 466 2102 sed
475 2055 564 2118 parvulis
572 2055 647 2102 humili
658 2055 696 2101 set·
730 2086 731 2089 =

125 2150 140 2174 „
149 2136 213 2167 mone
222 2120 342 2169 blanditur:
363 2121 424 2183 q'uod
440 2137 478 2168 nec
490 2120 519 2168 sic
535 2121 599 2168 clausa
610 2121 655 2171 est,
672 2123 696 2167 iu

125 2217 139 2237 ,,
150 2186 226 2247 pavesci
236 2187 310 2234 debeat
320 2204 326 2231 ε
342 2202 381 2232 nec
390 2182 417 2230 fic
427 2200 493 2249 patet,
503 2202 527 2233 ut
532 2187 611 2235 vilescat
618 2200 628 2230 :‘
636 2187 698 2248 quod

123 2281 140 2315 ζ,
151 2251 189 2300 usu'
197 2249 299 2324 fastidium
310 2247 364 2301 tollit
375 2268 381 2297 :
397 2254 421 2298 de
431 2265 489 2326 tanto
499 2253 587 2319 amplius
596 2253 696 2323 diligitur,

83 2333 84 2336 ’
116 2327 119 2331 ’
258 2328 260 2331 “
491 2325 492 2328 ’
594 2350 610 2383 ,2³
616 2325 697 2382 quanto
