<?xml version="1.0" encoding="UTF-8"?>
<!DOCTYPE html PUBLIC "-//W3C//DTD XHTML 1.0 Transitional//EN"
    "http://www.w3.org/TR/xhtml1/DTD/xhtml1-transitional.dtd">
<html xmlns="http://www.w3.org/1999/xhtml" xml:lang="en" lang="en">
 <head>
  <title>
</title>
<meta http-equiv="Content-Type" content="text/html;charset=utf-8" />
  <meta name='ocr-system' content='tesseract 3.04.00' />
  <meta name='ocr-capabilities' content='ocr_page ocr_carea ocr_par ocr_line ocrx_word'/>
</head>
<body>
  <div class='ocr_page' id='page_1' title='image "./MN40353ucmf_4_0330.png"; bbox 0 0 1495 2681; ppageno 0'>
   <div class='ocr_carea' id='block_1_1' title="bbox 135 89 644 172">
    <p class='ocr_par' dir='ltr' id='par_1_1' title="bbox 135 89 644 172">
     <span class='ocr_line' id='line_1_1' title="bbox 135 89 644 172; baseline 0 -17"><span class='ocrx_word' id='word_1_1' title='bbox 135 106 190 172; x_wconf 83' lang='lat'>256</span> <span class='ocrx_word' id='word_1_2' title='bbox 211 101 378 157; x_wconf 73' lang='lat' dir='ltr'>Mtsrronus</span> <span class='ocrx_word' id='word_1_3' title='bbox 390 89 644 164; x_wconf 48' lang='lat' dir='ltr'>S&#39;rumranoroot,</span> 
     </span>
    </p>
   </div>
   <div class='ocr_carea' id='block_1_2' title="bbox 82 212 740 2368">
    <p class='ocr_par' dir='ltr' id='par_1_2' title="bbox 82 212 740 2368">
     <span class='ocr_line' id='line_1_2' title="bbox 133 212 713 279; baseline 0.002 -20"><span class='ocrx_word' id='word_1_4' title='bbox 133 215 237 260; x_wconf 73' lang='lat' dir='ltr'>dotsttinae</span> <span class='ocrx_word' id='word_1_5' title='bbox 248 215 333 262; x_wconf 85' lang='lat' dir='ltr'>moralis</span> <span class='ocrx_word' id='word_1_6' title='bbox 344 231 418 279; x_wconf 82' lang='lat' dir='ltr'>caput,</span> <span class='ocrx_word' id='word_1_7' title='bbox 427 217 449 260; x_wconf 91' lang='lat' dir='ltr'>in</span> <span class='ocrx_word' id='word_1_8' title='bbox 459 214 546 276; x_wconf 87' lang='lat' dir='ltr'>mysterii</span> <span class='ocrx_word' id='word_1_9' title='bbox 556 212 713 264; x_wconf 86' lang='lat' dir='ltr'>articulum‚vei</span> 
     </span>
     <span class='ocr_line' id='line_1_3' title="bbox 133 278 713 345; baseline -0.003 -18"><span class='ocrx_word' id='word_1_10' title='bbox 133 281 156 328; x_wconf 89' lang='lat' dir='ltr'>in</span> <span class='ocrx_word' id='word_1_11' title='bbox 170 278 235 325; x_wconf 69' lang='lat' dir='ltr'>sardii</span> <span class='ocrx_word' id='word_1_12' title='bbox 248 281 332 345; x_wconf 79' lang='lat' dir='ltr'>alicujus</span> <span class='ocrx_word' id='word_1_13' title='bbox 342 283 412 327; x_wconf 84' lang='lat' dir='ltr'>vitam.</span> <span class='ocrx_word' id='word_1_14' title='bbox 445 283 526 327; x_wconf 84' lang='lat' dir='ltr'><strong>Primus</strong></span> <span class='ocrx_word' id='word_1_15' title='bbox 538 280 713 341; x_wconf 81' lang='lat' dir='ltr'>docendimodus</span> 
     </span>
     <span class='ocr_line' id='line_1_4' title="bbox 131 341 716 408; baseline -0.003 -17"><span class='ocrx_word' id='word_1_16' title='bbox 131 341 311 408; x_wconf 51' lang='lat' dir='ltr'>¹iimpiiciffimus³</span> <span class='ocrx_word' id='word_1_17' title='bbox 328 344 459 393; x_wconf 79' lang='lat' dir='ltr'>nontamen</span> <span class='ocrx_word' id='word_1_18' title='bbox 477 347 566 392; x_wconf 87' lang='lat' dir='ltr'>omnino</span> <span class='ocrx_word' id='word_1_19' title='bbox 586 343 657 405; x_wconf 85' lang='lat' dir='ltr'>sterilis</span> <span class='ocrx_word' id='word_1_20' title='bbox 673 342 716 400; x_wconf 67' lang='lat' dir='ltr'>eise¹</span> 
     </span>
     <span class='ocr_line' id='line_1_5' title="bbox 134 407 710 473; baseline -0.003 -16"><span class='ocrx_word' id='word_1_21' title='bbox 134 411 211 459; x_wconf 78' lang='lat' dir='ltr'>debet,</span> <span class='ocrx_word' id='word_1_22' title='bbox 226 410 260 455; x_wconf 83' lang='lat' dir='ltr'>sed</span> <span class='ocrx_word' id='word_1_23' title='bbox 271 411 330 456; x_wconf 82' lang='lat' dir='ltr'>altius</span> <span class='ocrx_word' id='word_1_24' title='bbox 341 412 447 457; x_wconf 85' lang='lat' dir='ltr'>interdum</span> <span class='ocrx_word' id='word_1_25' title='bbox 453 426 516 473; x_wconf 88' lang='lat' dir='ltr'>atque</span> <span class='ocrx_word' id='word_1_26' title='bbox 525 408 632 464; x_wconf 78' lang='lat' dir='ltr'>sublimius</span> <span class='ocrx_word' id='word_1_27' title='bbox 644 407 710 455; x_wconf 81' lang='lat' dir='ltr'>affut-</span> 
     </span>
     <span class='ocr_line' id='line_1_6' title="bbox 131 474 713 540; baseline -0.002 -18"><span class='ocrx_word' id='word_1_28' title='bbox 131 476 248 540; x_wconf 73' lang='lat' dir='ltr'>gendrm,</span> <span class='ocrx_word' id='word_1_29' title='bbox 264 491 302 522; x_wconf 89' lang='lat' dir='ltr'>nec</span> <span class='ocrx_word' id='word_1_30' title='bbox 313 474 441 539; x_wconf 81' lang='lat' dir='ltr'>fitnpiicibris</span> <span class='ocrx_word' id='word_1_31' title='bbox 452 477 532 540; x_wconf 75' lang='lat' dir='ltr'>semper</span> <span class='ocrx_word' id='word_1_32' title='bbox 543 476 635 527; x_wconf 82' lang='lat' dir='ltr'>terminis</span> <span class='ocrx_word' id='word_1_33' title='bbox 645 478 667 520; x_wconf 90' lang='lat' dir='ltr'>in</span> <span class='ocrx_word' id='word_1_34' title='bbox 677 487 713 521; x_wconf 77' lang='lat' dir='ltr'>‘ca-</span> 
     </span>
     <span class='ocr_line' id='line_1_7' title="bbox 133 539 731 602; baseline -0.002 -16"><span class='ocrx_word' id='word_1_35' title='bbox 133 541 239 588; x_wconf 86' lang='lat' dir='ltr'>techismo</span> <span class='ocrx_word' id='word_1_36' title='bbox 252 539 354 589; x_wconf 78' lang='lat' dir='ltr'>consuetis</span> <span class='ocrx_word' id='word_1_37' title='bbox 365 541 482 593; x_wconf 86' lang='lat' dir='ltr'>utendum,</span> <span class='ocrx_word' id='word_1_38' title='bbox 499 544 601 587; x_wconf 85' lang='lat' dir='ltr'>imitando</span> <span class='ocrx_word' id='word_1_39' title='bbox 613 542 633 588; x_wconf 77' lang='lat' dir='ltr'>S.</span> <span class='ocrx_word' id='word_1_40' title='bbox 642 539 731 602; x_wconf 8' lang='lat' dir='ltr'>*Cyrii--Qt</span> 
     </span>
     <span class='ocr_line' id='line_1_8' title="bbox 126 604 723 670; baseline -0.007 -17"><span class='ocrx_word' id='word_1_41' title='bbox 126 604 180 660; x_wconf 21' lang='lat' dir='ltr'>‘lum</span> <span class='ocrx_word' id='word_1_42' title='bbox 194 608 416 667; x_wconf 81' lang='lat' dir='ltr'>Hierosolymitanum‚</span> <span class='ocrx_word' id='word_1_43' title='bbox 432 605 723 670; x_wconf 56' lang='lat' dir='ltr'>&amp;Augustinummliosqne</span> 
     </span>
     <span class='ocr_line' id='line_1_9' title="bbox 133 671 712 736; baseline -0.005 -17"><span class='ocrx_word' id='word_1_44' title='bbox 133 675 255 733; x_wconf 85' lang='lat' dir='ltr'>Patres‚qui</span> <span class='ocrx_word' id='word_1_45' title='bbox 271 672 436 718; x_wconf 84' lang='lat' dir='ltr'>catechisationes</span> <span class='ocrx_word' id='word_1_46' title='bbox 452 671 602 736; x_wconf 75' lang='lat' dir='ltr'>sermonesque</span> <span class='ocrx_word' id='word_1_47' title='bbox 616 675 642 719; x_wconf 82' lang='lat' dir='ltr'>ad</span> <span class='ocrx_word' id='word_1_48' title='bbox 651 674 712 719; x_wconf 82' lang='lat' dir='ltr'>Neo·</span> 
     </span>
     <span class='ocr_line' id='line_1_10' title="bbox 132 735 711 799; baseline 0.002 -17"><span class='ocrx_word' id='word_1_49' title='bbox 132 737 210 799; x_wconf 81' lang='lat' dir='ltr'>phytos</span> <span class='ocrx_word' id='word_1_50' title='bbox 219 735 345 782; x_wconf 85' lang='lat' dir='ltr'>habuerunt.</span> <span class='ocrx_word' id='word_1_51' title='bbox 377 741 402 782; x_wconf 90' lang='lat' dir='ltr'>In</span> <span class='ocrx_word' id='word_1_52' title='bbox 414 735 505 795; x_wconf 80' lang='lat' dir='ltr'>secundo</span> <span class='ocrx_word' id='word_1_53' title='bbox 516 741 624 785; x_wconf 89' lang='lat' dir='ltr'>erudiendi</span> <span class='ocrx_word' id='word_1_54' title='bbox 635 739 711 791; x_wconf 87' lang='lat' dir='ltr'>modo,</span> 
     </span>
     <span class='ocr_line' id='line_1_11' title="bbox 131 803 712 866; baseline 0.003 -19"><span class='ocrx_word' id='word_1_55' title='bbox 131 807 170 864; x_wconf 82' lang='lat' dir='ltr'>qui</span> <span class='ocrx_word' id='word_1_56' title='bbox 184 804 281 847; x_wconf 83' lang='lat' dir='ltr'>Parochis</span> <span class='ocrx_word' id='word_1_57' title='bbox 292 805 384 848; x_wconf 82' lang='lat' dir='ltr'>maxime</span> <span class='ocrx_word' id='word_1_58' title='bbox 396 806 508 854; x_wconf 85' lang='lat' dir='ltr'>convenit,</span> <span class='ocrx_word' id='word_1_59' title='bbox 523 803 575 866; x_wconf 87' lang='lat' dir='ltr'>nihil</span> <span class='ocrx_word' id='word_1_60' title='bbox 592 804 620 850; x_wconf 88' lang='lat' dir='ltr'>est</span> <span class='ocrx_word' id='word_1_61' title='bbox 630 804 712 860; x_wconf 81' lang='lat' dir='ltr'>utilius,</span> 
     </span>
     <span class='ocr_line' id='line_1_12' title="bbox 132 861 712 932; baseline 0.002 -20"><span class='ocrx_word' id='word_1_62' title='bbox 132 883 198 931; x_wconf 77' lang='lat' dir='ltr'>quam</span> <span class='ocrx_word' id='word_1_63' title='bbox 212 865 227 911; x_wconf 83' lang='lat' dir='ltr'>fi</span> <span class='ocrx_word' id='word_1_64' title='bbox 238 868 257 914; x_wconf 77' lang='lat' dir='ltr'>S.</span> <span class='ocrx_word' id='word_1_65' title='bbox 265 867 408 926; x_wconf 83' lang='lat' dir='ltr'>Chrysostomi</span> <span class='ocrx_word' id='word_1_66' title='bbox 419 861 532 916; x_wconf 79' lang='lat' dir='ltr'>methddus</span> <span class='ocrx_word' id='word_1_67' title='bbox 542 868 712 932; x_wconf 87' lang='lat' dir='ltr'>observetnr‚qui</span> 
     </span>
     <span class='ocr_line' id='line_1_13' title="bbox 133 931 713 996; baseline 0 -17"><span class='ocrx_word' id='word_1_68' title='bbox 133 932 237 995; x_wconf 82' lang='lat' dir='ltr'>explicato</span> <span class='ocrx_word' id='word_1_69' title='bbox 249 935 307 994; x_wconf 90' lang='lat' dir='ltr'>prius</span> <span class='ocrx_word' id='word_1_70' title='bbox 317 932 424 996; x_wconf 79' lang='lat' dir='ltr'>Evangelii</span> <span class='ocrx_word' id='word_1_71' title='bbox 433 931 478 986; x_wconf 83' lang='lat' dir='ltr'>sacri</span> <span class='ocrx_word' id='word_1_72' title='bbox 489 947 547 981; x_wconf 81' lang='lat' dir='ltr'>textu</span> <span class='ocrx_word' id='word_1_73' title='bbox 557 933 713 996; x_wconf 79' lang='lat' dir='ltr'>moralequod-</span> 
     </span>
     <span class='ocr_line' id='line_1_14' title="bbox 132 999 714 1063; baseline 0 -19"><span class='ocrx_word' id='word_1_74' title='bbox 132 1000 183 1044; x_wconf 86' lang='lat' dir='ltr'>dam</span> <span class='ocrx_word' id='word_1_75' title='bbox 201 1013 262 1060; x_wconf 82' lang='lat' dir='ltr'>caput</span> <span class='ocrx_word' id='word_1_76' title='bbox 271 1000 294 1043; x_wconf 85' lang='lat' dir='ltr'>in</span> <span class='ocrx_word' id='word_1_77' title='bbox 306 1013 386 1044; x_wconf 83' lang='lat' dir='ltr'>textum</span> <span class='ocrx_word' id='word_1_78' title='bbox 404 1003 485 1061; x_wconf 83' lang='lat' dir='ltr'>optime</span> <span class='ocrx_word' id='word_1_79' title='bbox 495 999 618 1063; x_wconf 85' lang='lat' dir='ltr'>quadrans,</span> <span class='ocrx_word' id='word_1_80' title='bbox 634 1013 714 1061; x_wconf 80' lang='lat' dir='ltr'>pertta·</span> 
     </span>
     <span class='ocr_line' id='line_1_15' title="bbox 134 1062 713 1127; baseline 0.002 -18"><span class='ocrx_word' id='word_1_81' title='bbox 134 1064 194 1116; x_wconf 70' lang='lat' dir='ltr'>diat,</span> <span class='ocrx_word' id='word_1_82' title='bbox 211 1062 384 1109; x_wconf 80' lang='lat' dir='ltr'>considerationes</span> <span class='ocrx_word' id='word_1_83' title='bbox 396 1079 502 1127; x_wconf 86' lang='lat' dir='ltr'>quoque,</span> <span class='ocrx_word' id='word_1_84' title='bbox 523 1078 546 1121; x_wconf 88' lang='lat' dir='ltr'>ut</span> <span class='ocrx_word' id='word_1_85' title='bbox 556 1063 625 1126; x_wconf 86' lang='lat' dir='ltr'>plures</span> <span class='ocrx_word' id='word_1_86' title='bbox 638 1066 713 1113; x_wconf 81' lang='lat' dir='ltr'>exPa-</span> 
     </span>
     <span class='ocr_line' id='line_1_16' title="bbox 134 1125 716 1192; baseline 0.002 -18"><span class='ocrx_word' id='word_1_87' title='bbox 134 1128 202 1174; x_wconf 86' lang='lat' dir='ltr'>tribus</span> <span class='ocrx_word' id='word_1_88' title='bbox 211 1125 320 1178; x_wconf 84' lang='lat' dir='ltr'>fecerunt,</span> <span class='ocrx_word' id='word_1_89' title='bbox 330 1128 443 1191; x_wconf 72' lang='lat' dir='ltr'>allegorice</span> <span class='ocrx_word' id='word_1_90' title='bbox 453 1127 496 1177; x_wconf 84' lang='lat' dir='ltr'>five</span> <span class='ocrx_word' id='word_1_91' title='bbox 510 1129 599 1175; x_wconf 84' lang='lat' dir='ltr'>morales</span> <span class='ocrx_word' id='word_1_92' title='bbox 609 1132 631 1176; x_wconf 85' lang='lat' dir='ltr'>in</span> <span class='ocrx_word' id='word_1_93' title='bbox 644 1127 716 1192; x_wconf 80' lang='lat' dir='ltr'>fing&#39;u·</span> 
     </span>
     <span class='ocr_line' id='line_1_17' title="bbox 131 1192 713 1256; baseline 0.002 -17"><span class='ocrx_word' id='word_1_94' title='bbox 131 1193 179 1242; x_wconf 87' lang='lat' dir='ltr'>los,</span> <span class='ocrx_word' id='word_1_95' title='bbox 191 1208 247 1254; x_wconf 89' lang='lat' dir='ltr'>qnos</span> <span class='ocrx_word' id='word_1_96' title='bbox 263 1192 391 1256; x_wconf 68' lang='lat' dir='ltr'>explicamus</span> <span class='ocrx_word' id='word_1_97' title='bbox 409 1195 496 1245; x_wconf 88' lang='lat' dir='ltr'>versus,</span> <span class='ocrx_word' id='word_1_98' title='bbox 512 1192 600 1247; x_wconf 82' lang='lat' dir='ltr'>formati</span> <span class='ocrx_word' id='word_1_99' title='bbox 623 1192 713 1255; x_wconf 74' lang='lat' dir='ltr'>poiiu&#39;nt.</span> 
     </span>
     <span class='ocr_line' id='line_1_18' title="bbox 132 1258 714 1322; baseline 0.007 -21"><span class='ocrx_word' id='word_1_100' title='bbox 132 1258 206 1322; x_wconf 82' lang='lat' dir='ltr'>Qod</span> <span class='ocrx_word' id='word_1_101' title='bbox 218 1260 303 1304; x_wconf 82' lang='lat' dir='ltr'>tertium</span> <span class='ocrx_word' id='word_1_102' title='bbox 313 1263 339 1310; x_wconf 56' lang='grc' dir='ltr'>,δε</span> <span class='ocrx_word' id='word_1_103' title='bbox 348 1258 453 1305; x_wconf 65' lang='lat' dir='ltr'>,ultimum</span> <span class='ocrx_word' id='word_1_104' title='bbox 470 1261 593 1322; x_wconf 74' lang='lat' dir='ltr'>praedicandi</span> <span class='ocrx_word' id='word_1_105' title='bbox 611 1261 714 1309; x_wconf 82' lang='lat' dir='ltr'>modurn,</span> 
     </span>
     <span class='ocr_line' id='line_1_19' title="bbox 131 1322 715 1387; baseline 0 -17"><span class='ocrx_word' id='word_1_106' title='bbox 131 1322 166 1370; x_wconf 53' lang='lat' dir='ltr'>c&#39;ui</span> <span class='ocrx_word' id='word_1_107' title='bbox 178 1324 244 1369; x_wconf 90' lang='lat' dir='ltr'>hodie</span> <span class='ocrx_word' id='word_1_108' title='bbox 259 1328 360 1384; x_wconf 78' lang='lat' dir='ltr'>Sermonis</span> <span class='ocrx_word' id='word_1_109' title='bbox 376 1331 458 1370; x_wconf 89' lang='lat' dir='ltr'>nomen</span> <span class='ocrx_word' id='word_1_110' title='bbox 474 1324 539 1371; x_wconf 81' lang='lat' dir='ltr'>veluti</span> <span class='ocrx_word' id='word_1_111' title='bbox 554 1325 664 1387; x_wconf 84' lang='lat' dir='ltr'>proprium</span> <span class='ocrx_word' id='word_1_112' title='bbox 674 1327 715 1370; x_wconf 88' lang='lat' dir='ltr'>im-</span> 
     </span>
     <span class='ocr_line' id='line_1_20' title="bbox 130 1388 715 1452; baseline 0.003 -19"><span class='ocrx_word' id='word_1_113' title='bbox 130 1402 236 1452; x_wconf 82' lang='lat' dir='ltr'>ponunt,</span> <span class='ocrx_word' id='word_1_114' title='bbox 253 1390 327 1435; x_wconf 80' lang='lat' dir='ltr'>attinet</span> <span class='ocrx_word' id='word_1_115' title='bbox 345 1419 353 1442; x_wconf 86' lang='lat'><em>,</em></span> <span class='ocrx_word' id='word_1_116' title='bbox 374 1391 493 1451; x_wconf 80' lang='lat' dir='ltr'>optandum</span> <span class='ocrx_word' id='word_1_117' title='bbox 516 1391 590 1451; x_wconf 87' lang='lat' dir='ltr'>utique</span> <span class='ocrx_word' id='word_1_118' title='bbox 609 1388 656 1435; x_wconf 79' lang='lat' dir='ltr'>eiiet</span> <span class='ocrx_word' id='word_1_119' title='bbox 666 1419 674 1442; x_wconf 91' lang='lat'>‚</span> <span class='ocrx_word' id='word_1_120' title='bbox 690 1402 715 1435; x_wconf 87' lang='lat' dir='ltr'>ut</span> 
     </span>
     <span class='ocr_line' id='line_1_21' title="bbox 131 1450 715 1519; baseline -0.002 -20"><span class='ocrx_word' id='word_1_121' title='bbox 131 1469 209 1499; x_wconf 86' lang='lat' dir='ltr'>omnes</span> <span class='ocrx_word' id='word_1_122' title='bbox 221 1454 326 1500; x_wconf 82' lang='lat' dir='ltr'>sernrones</span> <span class='ocrx_word' id='word_1_123' title='bbox 335 1453 415 1516; x_wconf 85' lang='lat' dir='ltr'>semper</span> <span class='ocrx_word' id='word_1_124' title='bbox 422 1455 512 1519; x_wconf 82' lang='lat' dir='ltr'>egregii,</span> <span class='ocrx_word' id='word_1_125' title='bbox 523 1455 575 1517; x_wconf 86' lang='lat' dir='ltr'>quid</span> <span class='ocrx_word' id='word_1_126' title='bbox 587 1455 599 1500; x_wconf 79' lang='grc' dir='ltr'><em>ὲ</em></span> <span class='ocrx_word' id='word_1_127' title='bbox 609 1450 715 1517; x_wconf 68' lang='lat' dir='ltr'>principiis</span> 
     </span>
     <span class='ocr_line' id='line_1_22' title="bbox 131 1519 719 1582; baseline -0.003 -17"><span class='ocrx_word' id='word_1_128' title='bbox 131 1520 235 1565; x_wconf 72' lang='lat' dir='ltr'>dodirinae</span> <span class='ocrx_word' id='word_1_129' title='bbox 254 1519 339 1565; x_wconf 85' lang='lat' dir='ltr'>moralis</span> <span class='ocrx_word' id='word_1_130' title='bbox 357 1535 450 1566; x_wconf 81' lang='lat' dir='ltr'>accurate</span> <span class='ocrx_word' id='word_1_131' title='bbox 464 1519 582 1582; x_wconf 78' lang='lat' dir='ltr'>expositum</span> <span class='ocrx_word' id='word_1_132' title='bbox 600 1534 664 1582; x_wconf 85' lang='lat' dir='ltr'>atque</span> <span class='ocrx_word' id='word_1_133' title='bbox 681 1520 719 1564; x_wconf 76' lang='lat' dir='ltr'>de-</span> 
     </span>
     <span class='ocr_line' id='line_1_23' title="bbox 131 1586 719 1647; baseline -0.002 -16"><span class='ocrx_word' id='word_1_134' title='bbox 131 1588 230 1644; x_wconf 86' lang='lat' dir='ltr'>ictiptum</span> <span class='ocrx_word' id='word_1_135' title='bbox 249 1587 399 1634; x_wconf 80' lang='lat' dir='ltr'>continerent,</span> <span class='ocrx_word' id='word_1_136' title='bbox 413 1586 475 1647; x_wconf 82' lang='lat' dir='ltr'>quod</span> <span class='ocrx_word' id='word_1_137' title='bbox 494 1587 619 1630; x_wconf 87' lang='lat' dir='ltr'>extantiores</span> <span class='ocrx_word' id='word_1_138' title='bbox 636 1587 658 1629; x_wconf 94' lang='lat' dir='ltr'>in</span> <span class='ocrx_word' id='word_1_139' title='bbox 675 1586 719 1630; x_wconf 84' lang='lat' dir='ltr'>vita</span> 
     </span>
     <span class='ocr_line' id='line_1_24' title="bbox 131 1647 724 1712; baseline 0 -16"><span class='ocrx_word' id='word_1_140' title='bbox 131 1651 242 1710; x_wconf 74' lang='lat' dir='ltr'>christiana</span> <span class='ocrx_word' id='word_1_141' title='bbox 262 1647 357 1695; x_wconf 72' lang='lat' dir='ltr'>desedtus</span> <span class='ocrx_word' id='word_1_142' title='bbox 372 1649 435 1695; x_wconf 83' lang='lat' dir='ltr'>nobis</span> <span class='ocrx_word' id='word_1_143' title='bbox 452 1650 580 1701; x_wconf 85' lang='lat' dir='ltr'>ostenderet,</span> <span class='ocrx_word' id='word_1_144' title='bbox 597 1650 658 1712; x_wconf 79' lang='lat' dir='ltr'>quod</span> <span class='ocrx_word' id='word_1_145' title='bbox 668 1651 724 1707; x_wconf 49' lang='lat' dir='ltr'>vitia*-</span> 
     </span>
     <span class='ocr_line' id='line_1_25' title="bbox 82 1714 720 1778; baseline -0.003 -16"><span class='ocrx_word' id='word_1_146' title='bbox 82 1718 88 1730; x_wconf 87' lang='grc'><strong>’</strong></span> <span class='ocrx_word' id='word_1_147' title='bbox 131 1719 154 1762; x_wconf 92' lang='lat' dir='ltr'>in</span> <span class='ocrx_word' id='word_1_148' title='bbox 167 1717 261 1776; x_wconf 82' lang='lat' dir='ltr'>apricum</span> <span class='ocrx_word' id='word_1_149' title='bbox 276 1717 353 1765; x_wconf 78' lang='lat' dir='ltr'>daret,</span> <span class='ocrx_word' id='word_1_150' title='bbox 370 1715 526 1778; x_wconf 81' lang='lat' dir='ltr'>horroremque</span> <span class='ocrx_word' id='word_1_151' title='bbox 537 1714 601 1761; x_wconf 82' lang='lat' dir='ltr'>abeis</span> <span class='ocrx_word' id='word_1_152' title='bbox 609 1718 720 1769; x_wconf 82' lang='lat' dir='ltr'>incuteret,</span> 
     </span>
     <span class='ocr_line' id='line_1_26' title="bbox 132 1782 719 1845; baseline 0.002 -19"><span class='ocrx_word' id='word_1_153' title='bbox 132 1783 193 1844; x_wconf 89' lang='lat' dir='ltr'>quod</span> <span class='ocrx_word' id='word_1_154' title='bbox 205 1784 295 1828; x_wconf 87' lang='lat' dir='ltr'>virtutes</span> <span class='ocrx_word' id='word_1_155' title='bbox 309 1782 411 1843; x_wconf 82' lang='lat' dir='ltr'>quasdam</span> <span class='ocrx_word' id='word_1_156' title='bbox 421 1797 461 1826; x_wconf 89' lang='lat' dir='ltr'>nos</span> <span class='ocrx_word' id='word_1_157' title='bbox 470 1784 578 1832; x_wconf 84' lang='lat' dir='ltr'>edoceret,</span> <span class='ocrx_word' id='word_1_158' title='bbox 586 1783 719 1845; x_wconf 83' lang='lat' dir='ltr'>&amp;ad&#39;eatum</span> 
     </span>
     <span class='ocr_line' id='line_1_27' title="bbox 132 1845 720 1911; baseline 0 -19"><span class='ocrx_word' id='word_1_159' title='bbox 132 1849 207 1911; x_wconf 23' lang='lat' dir='ltr'>praxi-n</span> <span class='ocrx_word' id='word_1_160' title='bbox 226 1847 333 1892; x_wconf 83' lang='lat' dir='ltr'>auditores</span> <span class='ocrx_word' id='word_1_161' title='bbox 351 1845 476 1908; x_wconf 70' lang='lat' dir='ltr'>instigaret.⁴</span> <span class='ocrx_word' id='word_1_162' title='bbox 498 1846 554 1892; x_wconf 85' lang='lat' dir='ltr'>Utile</span> <span class='ocrx_word' id='word_1_163' title='bbox 573 1848 660 1908; x_wconf 86' lang='lat' dir='ltr'>quidem</span> <span class='ocrx_word' id='word_1_164' title='bbox 678 1845 720 1899; x_wconf 85' lang='lat' dir='ltr'>est,</span> 
     </span>
     <span class='ocr_line' id='line_1_28' title="bbox 132 1910 722 1975; baseline 0 -18"><span class='ocrx_word' id='word_1_165' title='bbox 132 1914 220 1975; x_wconf 79' lang='lat' dir='ltr'>virtutes</span> <span class='ocrx_word' id='word_1_166' title='bbox 234 1926 299 1974; x_wconf 85' lang='lat' dir='ltr'>atque</span> <span class='ocrx_word' id='word_1_167' title='bbox 310 1913 360 1968; x_wconf 84' lang='lat' dir='ltr'>viria</span> <span class='ocrx_word' id='word_1_168' title='bbox 371 1927 408 1972; x_wconf 85' lang='lat' dir='ltr'>per</span> <span class='ocrx_word' id='word_1_169' title='bbox 417 1927 484 1972; x_wconf 79' lang='lat' dir='ltr'>partes</span> <span class='ocrx_word' id='word_1_170' title='bbox 496 1910 619 1962; x_wconf 79' lang='lat' dir='ltr'>describere,</span> <span class='ocrx_word' id='word_1_171' title='bbox 636 1910 670 1957; x_wconf 83' lang='lat' dir='ltr'>sed</span> <span class='ocrx_word' id='word_1_172' title='bbox 684 1928 722 1957; x_wconf 86' lang='lat' dir='ltr'>ne-</span> 
     </span>
     <span class='ocr_line' id='line_1_29' title="bbox 131 1976 722 2042; baseline -0.003 -18"><span class='ocrx_word' id='word_1_173' title='bbox 131 1994 177 2041; x_wconf 89' lang='lat' dir='ltr'>que</span> <span class='ocrx_word' id='word_1_174' title='bbox 188 1979 281 2024; x_wconf 89' lang='lat' dir='ltr'>nimium</span> <span class='ocrx_word' id='word_1_175' title='bbox 299 1978 401 2038; x_wconf 74' lang='lat' dir='ltr'>temporis</span> <span class='ocrx_word' id='word_1_176' title='bbox 417 1978 563 2042; x_wconf 84' lang='lat' dir='ltr'>hujuscemodi</span> <span class='ocrx_word' id='word_1_177' title='bbox 581 1976 722 2039; x_wconf 48' lang='lat' dir='ltr'>descriptionis</span> 
     </span>
     <span class='ocr_line' id='line_1_30' title="bbox 132 2041 720 2106; baseline -0.003 -17"><span class='ocrx_word' id='word_1_178' title='bbox 132 2042 174 2089; x_wconf 85' lang='lat' dir='ltr'>bus</span> <span class='ocrx_word' id='word_1_179' title='bbox 186 2045 371 2105; x_wconf 86' lang='lat' dir='ltr'>impendendum,</span> <span class='ocrx_word' id='word_1_180' title='bbox 381 2059 452 2097; x_wconf 85' lang='lat' dir='ltr'>neque</span> <span class='ocrx_word' id='word_1_181' title='bbox 459 2041 558 2105; x_wconf 82' lang='lat' dir='ltr'>gratiores</span> <span class='ocrx_word' id='word_1_182' title='bbox 572 2045 720 2106; x_wconf 84' lang='lat' dir='ltr'>magis,quam</span> 
     </span>
     <span class='ocr_line' id='line_1_31' title="bbox 134 2106 740 2170; baseline -0.002 -17"><span class='ocrx_word' id='word_1_183' title='bbox 134 2108 195 2154; x_wconf 89' lang='lat' dir='ltr'>utiles</span> <span class='ocrx_word' id='word_1_184' title='bbox 203 2108 352 2170; x_wconf 82' lang='lat' dir='ltr'>descriptiones</span> <span class='ocrx_word' id='word_1_185' title='bbox 363 2106 460 2154; x_wconf 69' lang='lat' dir='ltr'>faciendae</span> <span class='ocrx_word' id='word_1_186' title='bbox 469 2107 517 2153; x_wconf 87' lang='lat' dir='ltr'>sunt</span> <span class='ocrx_word' id='word_1_187' title='bbox 528 2124 536 2162; x_wconf 80' lang='lat'>3</span> <span class='ocrx_word' id='word_1_188' title='bbox 555 2109 605 2170; x_wconf 84' lang='lat' dir='ltr'>saepe</span> <span class='ocrx_word' id='word_1_189' title='bbox 617 2109 724 2154; x_wconf 76' lang='lat' dir='ltr'>auditores</span> <span class='ocrx_word' id='word_1_190' title='bbox 737 2150 740 2152; x_wconf 90' lang='grc'><em>,</em></span> 
     </span>
     <span class='ocr_line' id='line_1_32' title="bbox 134 2171 722 2237; baseline 0.003 -19"><span class='ocrx_word' id='word_1_191' title='bbox 134 2171 183 2219; x_wconf 85' lang='lat' dir='ltr'>snos</span> <span class='ocrx_word' id='word_1_192' title='bbox 196 2176 244 2219; x_wconf 81' lang='lat' dir='ltr'>vitia</span> <span class='ocrx_word' id='word_1_193' title='bbox 254 2175 359 2221; x_wconf 72' lang='lat' dir='ltr'>haetenus</span> <span class='ocrx_word' id='word_1_194' title='bbox 377 2176 452 2237; x_wconf 78' lang='lat' dir='ltr'>ignota</span> <span class='ocrx_word' id='word_1_195' title='bbox 464 2176 624 2220; x_wconf 77' lang='lat' dir='ltr'>concionatores</span> <span class='ocrx_word' id='word_1_196' title='bbox 636 2175 722 2237; x_wconf 79' lang='lat' dir='ltr'>docent,</span> 
     </span>
     <span class='ocr_line' id='line_1_33' title="bbox 135 2235 725 2305; baseline 0 -20"><span class='ocrx_word' id='word_1_197' title='bbox 135 2241 175 2301; x_wconf 86' lang='lat' dir='ltr'>qui</span> <span class='ocrx_word' id='word_1_198' title='bbox 187 2241 328 2292; x_wconf 80' lang='lat' dir='ltr'>viridioribus</span> <span class='ocrx_word' id='word_1_199' title='bbox 341 2257 365 2289; x_wconf 78' lang='lat' dir='ltr'>ea</span> <span class='ocrx_word' id='word_1_200' title='bbox 377 2239 485 2291; x_wconf 78' lang='lat' dir='ltr'>coloribus</span> <span class='ocrx_word' id='word_1_201' title='bbox 491 2241 623 2305; x_wconf 80' lang='lat' dir='ltr'>depingunt,</span> <span class='ocrx_word' id='word_1_202' title='bbox 637 2235 725 2300; x_wconf 79' lang='lat' dir='ltr'>torinn-</span> 
     </span>
     <span class='ocr_line' id='line_1_34' title="bbox 578 2320 724 2368; baseline 0.007 -16"><span class='ocrx_word' id='word_1_203' title='bbox 578 2340 582 2344; x_wconf 77' lang='lat'><em>-</em></span> <span class='ocrx_word' id='word_1_204' title='bbox 680 2320 724 2368; x_wconf 79' lang='lat' dir='ltr'>que</span> 
     </span>
    </p>
   </div>
   <div class='ocr_carea' id='block_1_3' title="bbox 0 0 752 2681">
    <p class='ocr_par' dir='ltr' id='par_1_3' title="bbox 0 0 752 2681">
     <span class='ocr_line' id='line_1_35' title="bbox 0 0 752 2681; baseline 0 0"><span class='ocrx_word' id='word_1_205' title='bbox 0 0 752 2681; x_wconf 95' lang='lat' dir='ltr'> </span> 
     </span>
    </p>
   </div>
  </div>
 </body>
</html>
