1495 2681
133 123 550 204 threiusrrrurnnt.Cnt³.XI.
583 101 645 193 ‘147

71 204 642 219 Μ

68 235 150 302 aperiat.
183 236 364 308 Quiescunque
374 233 454 279 textum
463 232 541 278 sacrum
549 231 643 297 relegerat

70 303 185 365 (studium
192 313 284 360 namque
298 299 359 343 hoc
353 301 475 373 interrumpi
484 313 596 359 nunquam
605 299 645 342 de·

69 366 122 426 bet)
133 378 320 413 commentatorem
331 377 425 412 mutare,
438 365 505 425 inque
514 360 607 426 singulos
616 361 644 408 h

7 430 13 444 '¹
30 470 33 475 1
69 432 132 481 bros,
148 434 184 494 qui
195 432 217 475 in
227 429 295 475 studio
306 428 348 474 hoc
357 424 633 490 seliciotesmeiioresque
611 443 644 473 vt·

33 516 35 518 ’
70 500 170 549 deantur,
186 494 260 557 eligere
268 506 385 556 poterunt
401 493 468 538 hoc
450 509 478 538 ets
489 490 594 544 suffecerit,
605 494 645 555 qui

71 563 171 609 mediocri
192 561 309 606 eruditione
325 560 423 605 contenti
439 555 534 616 suerint·
555 557 589 605 sed
604 559 643 621 qui

71 629 98 672 ad
121 623 259 677 solidisfirnam
280 625 342 669 Sacrae
358 624 466 685 Scripturae
486 625 583 669 notitiam
607 623 644 668 ad-

68 689 155 751 spirant,
165 690 203 735 iliis
213 705 271 752 opus
280 688 325 738 est,
342 688 388 750 post
399 691 496 733 notitiam
508 687 604 734 Hebraeae
612 701 644 733 at-

70 767 114 814 que
121 758 194 800 Graecae
204 757 287 816 Linguae
296 754 353 799 haud
364 751 505 813 prrsuanotie
520 751 643 815 acquistam

71 816 135 864 libros
146 822 226 865 criticos
236 818 474 878 inSacrrmSctiptutam
485 818 595 870 evolvere,
605 834 644 869 ve·

72 896 125 929 teres
143 888 164 928 δε
180 881 311 930 modernos,
327 880 497 943 Chronologiam
513 887 536 928 &
549 885 645 944 Geogra-

72 946 142 1007 phiam
157 943 266 996 addiscere,
283 945 357 990 sacram
366 944 481 990 Historiam
491 961 539 991 rum
551 945 645 992 Historia

71 1012 136 1055 veteri
144 1009 231 1071 profani
241 1012 379 1072 conjungere,
395 1023 474 1055 textum
484 1009 607 1072 originalem
614 1024 646 1056 at-

72 1091 116 1137 que
126 1077 227 1121 variantes
233 1075 334 1120 iestio'ues
343 1087 411 1119 curate
419 1072 498 1137 legere,
508 1090 556 1121 cum
568 1072 645 1122 versio-

71 1138 134 1185 nibus
143 1137 249 1188 conferre,
263 1138 377 1184 lectionem
389 1140 591 1186 Commentarotum
608 1156 645 1186 ve-

72 1218 139 1249 terunt
150 1209 172 1248 δε
182 1205 334 1253 recentiorum,
349 1202 508 1251 catholicorum
519 1216 583 1266 atque
592 1206 645 1251 Pro·

72 1268 152 1313 testnnr'
145 1284 206 1319 tum,
223 1270 260 1329 qni
276 1268 354 1313 literam
371 1267 514 1329 explicarunt,
533 1265 644 1331 suscipere,

71 1330 218 1378 dissertationes
229 1334 254 1378 de
266 1329 338 1377 dtrets
330 1348 347 1376 s
358 1333 420 1379 Sacrae
429 1334 537 1395 Scriptutae
546 1333 645 1396 questio·
650 1341 652 1345 ’

71 1390 133 1442 nibus
144 1396 257 1458 inspicere,
274 1395 410 1442 obvenientes
422 1395 554 1443 difficultates
562 1400 644 1444 exami-

71 1477 141 1509 nare,
158 1477 273 1522 verumque
299 1459 395 1506 locorum
420 1458 557 1508 obscurorum
579 1464 645 1508 Sacrae

70 1519 177 1587 Scripturae
190 1524 280 1576 sensum,
288 1540 332 1600 quo
344 1523 388 1569 steti
397 1527 464 1571 tnodo
475 1528 554 1588 potest,
564 1543 644 1573 eruere.

73 1589 183 1655 Qamob
191 1605 233 1635 tem
244 1605 284 1634 nos
294 1593 315 1633 in
326 1588 458 1666 sequentibus
467 1591 563 1637 meliores
573 1591 644 1640 utilio,-

72 1671 147 1717 resqrte
168 1658 371 1705 commentatores,
387 1658 424 1716 qui
443 1655 494 1701 vel
488 1672 510 1700 tn
527 1657 644 1702 nniversam

47 1754 53 1758 ,.
71 1720 153 1764 Sacram
158 1719 284 1781 Scripturam
291 1719 323 1764 vel
333 1720 354 1764 in
361 1717 453 1781 fingulos
464 1722 507 1783 ejus
512 1718 575 1773 libros
586 1736 645 1769 cotn-

71 1785 158 1829 rnentati
167 1784 229 1835 sunt,
246 1782 350 1846 copiosius
359 1785 431 1831 sumus
442 1782 565 1836 recenfituii.

241 1975 376 2041 Curur
411 1972 476 2041 XI.

196 2074 242 2132 De
261 2070 347 2152 Tradit
346 2076 408 2134 ionis
418 2072 511 2147 studio

134 2170 176 2215 Um
186 2171 279 2220 Traditio
290 2185 350 2230 aeque
364 2182 387 2211 ac
399 2168 468 2211 Sacra
474 2166 597 2227 Scriptura,
613 2166 644 2211 uti

69 2174 155 2321 C
145 2249 190 2300 jam
205 2234 413 2344 demonstruvimqg,
427 2229 550 2295 Theologiae
568 2230 647 2294 sunda-

583 2313 650 2343 men·
