1495 2681
74 126 77 131 ’
109 125 155 193 '92
195 117 623 182 Mittimussrunul'nro'ton.

103 216 169 283 'rinae
191 224 266 288 lingue
284 226 389 281 studium,
406 224 449 287 qui
467 221 509 270 stne
528 237 565 268 nec
581 221 692 265 mediocris

119 288 244 354 Theologiae
258 291 339 339 scientia
357 293 469 350 computari
480 287 559 352 potest:
575 283 692 331 Graecalin·

121 371 163 417 gua
174 357 240 416 tnagis
256 359 317 401 etiam
329 353 437 402 necessaria
454 355 493 404 esi,
509 355 535 401 ad
550 349 692 412 Theologiam

122 418 241 481 perfectius,
252 419 403 465 imbibendam.
435 420 481 465 Nec
490 418 622 483 elegantiores
628 413 691 460 literae

121 484 242 540 &historie
257 482 504 547 studium-negligenda,
525 486 607 545 quippe
621 477 691 541 quaeri

121 546 196 594 sumto
204 548 320 613 Theologo
330 579 337 598 ‚
351 546 499 608 indispensabili
509 545 552 592 sete
565 543 691 594 necessitate,

120 612 263 675 requirnntut.
310 612 378 674 Qod
392 612 418 657 ad
434 610 590 675 Philosophiam
606 610 692 674 speslat,
728 670 729 673 Ἴ

122 693 172 723 curn
184 678 228 722 saris
237 680 281 739 jam
298 678 435 724 evicerimus,
447 691 549 736 quantam
566 679 608 741 ejus
620 674 704 722 notin-5
718 703 720 706 .

121 754 166 785 tem
178 743 199 785 in
210 740 330 802 Theologia
345 739 436 801 polliceri
451 738 490 784 tibi
500 756 574 802 queas,
584 755 639 801 opus
648 735 692 783 nort

36 818 38 820 ·
120 805 164 854 est,
176 820 200 850 ut
211 803 245 850 hic
255 819 375 865 repetamus
387 821 392 848 :
409 804 546 850 unicumhoc
553 804 621 853 saltem
631 804 694 848 adde⁴

120 884 186 921 mus,
204 869 328 933 Theologiae
351 868 497 915 consectaneus
508 883 552 913 non
569 869 605 914 diu
618 870 694 915 nimis,
733 866 735 868 ’

119 949 161 996 pro
172 936 261 995 antiquo
273 951 344 984 more,
356 935 479 980 detinendos
493 934 514 978 in
525 931 605 996 vulgari
616 930 696 979 schola·
720 931 730 944 ³

121 1015 169 1046 tum
179 998 310 1061 philosophia
319 999 437 1059 ediscenda,
454 998 486 1044 sed
497 998 546 1043 sanis
561 998 628 1043 modo
638 998 695 1057 ptin-

123 1065 180 1126 cipiis
191 1061 343 1125 metaphysica,
353 1067 432 1128 Logice
442 1078 505 1126 atque
511 1063 586 1109 Ethicae
596 1059 696 1118 imbuen-

124 1130 164 1175 dos
176 1125 222 1174 else.
258 1127 413 1189 Philosophiam
429 1128 539 1190 equidem,
550 1143 613 1191 quam
623 1123 695 1184 scholae

123 1193 208 1239 tradunt
218 1220 226 1241 ‚
237 1191 321 1237 calleant
331 1190 407 1238 necesse
417 1193 459 1243 est,
475 1194 508 1242 sed
521 1208 615 1239 mentem
625 1192 651 1236 ad
662 1192 696 1235 irr-

121 1256 245 1320 telligendas
260 1256 408 1318 metaphysrcas
423 1259 548 1305 &morales
563 1259 657 1305 veritates
668 1254 698 1300 ab·

123 1324 164 1368 tius
174 1322 260 1384 elevate,
271 1324 398 1385 notitiasque
407 1321 444 1368 fibi
450 1319 519 1368 multo
527 1321 656 1368 sublimiores
666 1334 697 1365 at-

123 1403 167 1450 que
177 1386 270 1433 utiliores
282 1403 400 1449 comparare
410 1387 494 1435 debent.
526 1389 578 1437 Haec
588 1388 696 1447 interpro-

123 1452 172 1500 sana
180 1451 244 1498 studia
255 1451 379 1516 negligenda
390 1455 478 1499 minime
490 1452 550 1503 sunt,
565 1466 612 1515 quae
624 1451 697 1496 Theo·

123 1517 186 1582 logiae
205 1519 261 1565 viam
282 1517 360 1564 directe
375 1519 471 1580 pandunt
486 1533 576 1579 :atque
593 1516 698 1562 hicSacta

125 1584 232 1644 scripture
245 1582 338 1632 studium
354 1586 446 1643 primum
461 1599 525 1644 atque
540 1584 655 1645 principem
665 1581 698 1626 lo⁴

125 1665 174 1695 tum
191 1662 254 1694 tenet.
286 1648 339 1698 Sunt
350 1647 463 1695 sane'enim
483 1648 578 1711 adigendi
589 1649 614 1694 ad
626 1645 698 1701 lesbio-

124 1730 177 1763 nem
203 1712 318 1764 Librorum
339 1715 418 1760 Veteris
439 1717 462 1763 ὃς
483 1715 542 1760 Novi
563 1712 698 1767 Testamenti,

125 1785 178 1831 &ut
188 1781 217 1829 ita
227 1778 314 1839 loquar,
330 1779 356 1827 ad
373 1777 471 1827 familiare
486 1779 601 1825 eorundem
614 1779 718 1824 confotas

124 1849 180 1895 tium
186 1842 224 1890 fibi
230 1845 408 1908 comparandum,
420 1859 457 1896 ut,
467 1844 581 1891 ubiomnia
590 1841 623 1891 sua
633 1842 699 1893 studia

125 1914 149 1958 in
158 1910 302 1975 Theologiam
313 1910 406 1957 conserte
415 1912 526 1971 incipiunt,
536 1908 651 1973 generalem
658 1912 698 1972 jam
709 1939 711 1942 -

127 1978 154 2022 de
170 1976 282 2039 Religione
306 1977 374 2022 ideam
401 1974 498 2022 habeant.
534 1979 618 2021 Bonum
640 1973 700 2037 esset?

126 2045 184 2104 ptius
192 2040 239 2104 ipsts
249 2040 401 2104 prolegomena
411 2042 458 2088 date
467 2070 474 2092 ,
490 2057 553 2105 quam
565 2042 591 2086 ad
601 2040 663 2105 ipsam
675 2040 700 2084 li·

128 2106 215 2155 brorum
226 2108 330 2156 sactorum
341 2107 455 2153 lectionem
465 2108 609 2157 admittantur,
620 2124 645 2152 etr
652 2106 700 2169 qui·

128 2170 169 2222 bus
180 2171 302 2235 cognoscere
311 2170 388 2235 poffint
400 2188 530 2225 numerum,
542 2172 701 2222 divisionem&

93 2301 95 2304 .
129 2236 279 2287 auctoressaerr
293 2240 390 2292 Codicis,
404 2255 495 2304 queque
506 2254 542 2287 eos
556 2239 583 2292 de
594 2238 701 2314 precipuis

433 2326 435 2328 ·
678 2318 703 2349 m
