1495 2681
137 96 228 151 Ruett
243 97 442 152 Iusti-turum.
462 98 528 156 Cirr.
546 101 582 157 ΙΙ.
622 121 656 160 at

72 211 137 257 lectio
148 210 191 253 haec
200 204 317 250 inscribitur
328 219 333 246 :
344 204 402 249 Liber
411 206 566 250 Sententiarum.
586 206 657 250 Com.

73 276 134 321 muni
146 287 196 319 tunc
207 271 307 332 temporis
322 267 385 313 ritulo
399 269 476 329 scriptis
492 266 657 330 Theologorunt

1 329 3 331 ,
72 340 133 387 solito
148 334 244 399 praefixi3
262 333 295 381 sed
314 348 380 396 quem
399 333 453 379 istud
469 332 583 380 Lombardi
600 349 657 395 optts

72 405 200 468 precipuum
209 416 257 446 anre
268 398 335 446 libros
346 415 422 444 omnes
433 397 484 444 alios
495 396 657 459 tenuitreliquis

72 471 135 516 etiam
141 464 242 511 omnibus
251 463 290 511 haic
295 465 347 510 dere
353 464 430 526 scriptis
435 462 584 525 antepofiturn,
589 463 656 508 adeo-

73 551 115 597 que
123 530 227 579 benevole
236 529 263 577 ab
277 530 489 591 eruditisexceptum,
506 527 657 581 utbrevitemt

15 612 16 615 ’
71 615 124 661 pote
133 600 155 643 in
167 595 247 642 Scholis
257 593 345 658 publicis
353 594 408 641 solus
418 593 550 641 lombardus
556 593 654 655 ptaelege-

54 685 56 690 v
70 679 140 714 retur,
151 675 259 723 eapropter
270 663 367 723 Magiser
373 663 524 708 Sententiarum
540 655 589 707 κατ’
608 656 655 719 ἑξο-

69 723 113 785 xl?
122 728 229 772 diceretur.
262 728 290 772 At
305 742 356 771 vero
366 726 466 771 doctores
479 723 592 772 scholastici
606 721 656 786 sung

10 792 12 796 ’
52 804 53 807 ’
70 790 153 851 plicitati
163 791 224 855 huJus
240 789 286 835 libri
296 806 342 834 non
353 789 525 851 adquiescentes,
542 788 612 836 vastos
630 790 655 834 in

69 856 114 914 ejus
124 868 206 898 textum
216 856 382 899 commentarios
392 853 654 917 edebant,quibuslitium

69 921 93 962 δε
109 920 272 962 contentionum
295 915 393 962 cramben
409 919 485 962 centies
500 916 653 978 recoquebant,

69 982 213 1044 principiaque
225 979 366 1043 philosophica
377 996 415 1027 nec
421 997 466 1026 non
472 981 586 1027 Aristotelis
595 983 653 1026 axio-

68 1045 652 1109 mata,quorumnullamSententiarumMagistetratio·

68 1125 119 1155 nem
130 1109 243 1161 habuerat,
254 1112 276 1154 in
282 1109 425 1174 Theologiam
431 1111 503 1157 denuo
509 1107 652 1164 intrudebant,

67 1190 151 1237 proque
158 1191 196 1227 eo,
208 1175 269 1237 quod
275 1177 319 1238 ejus
324 1177 450 1221 methodum
457 1177 598 1238 sequerentur,
603 1192 653 1221 mo·

67 1255 141 1302 tasque
149 1239 273 1301 quaestiones
280 1243 364 1285 Parrum
371 1242 431 1286 dietis
441 1239 555 1293 solverent,
566 1237 653 1286 nonnisi

67 1306 173 1367 principiis
188 1303 335 1367 Philosophicis
343 1322 367 1351 ac
383 1304 530 1352 subtilitatibus
539 1306 652 1368 metaphy-

67 1369 111 1416 sicis
121 1368 245 1416 militabant.
278 1372 335 1414 Hinc
345 1370 454 1432 explicatio
460 1386 529 1418 textus
538 1370 594 1416 Libri
599 1371 652 1416 Sen-

39 1459 41 1463 v
66 1437 180 1481 tentiarum
191 1436 262 1480 minus
273 1434 385 1496 putabatur
393 1433 508 1487 sufficiens,
520 1435 653 1498 eligebantur

66 1500 219 1546 tantummodo
230 1500 356 1562 quastiones
367 1501 463 1563 quadarn
473 1530 481 1554 ,
497 1500 606 1565 longeque
616 1498 654 1546 ali·

66 1580 98 1611 ter
107 1564 275 1627 explicabantur,
285 1567 339 1611 adeo
349 1581 372 1611 ut
382 1565 448 1618 illud,
465 1568 526 1629 quod
532 1570 653 1613 Commen-

66 1633 112 1676 tatii
122 1633 212 1676 nomine
223 1629 321 1676 veniebat
332 1660 339 1680 ,
356 1647 401 1677 non
411 1631 500 1694 amplius
510 1634 653 1677 Commenta-

44 1720 45 1723 =
65 1697 90 1741 rii
101 1726 108 1747 ‚
125 1695 159 1742 sed
170 1694 222 1742 alius
232 1694 297 1758 longe
307 1698 377 1757 operis
387 1694 460 1743 faciem
467 1698 568 1743 indueret.
585 1697 651 1759 Qas

64 1762 218 1807 Sententiarum
229 1761 328 1823 Magister
336 1759 471 1824 proposuerat
482 1761 613 1825 questiones,
623 1777 653 1807 eae

66 1841 102 1887 per
108 1826 177 1889 plures
183 1825 232 1871 alias
242 1825 411 1889 adaugebantut,
423 1827 531 1889 easqueilli
542 1826 575 1873 vel
580 1828 653 1873 Corn-

66 1893 171 1937 mentatiis
187 1893 210 1937 in
221 1889 367 1938 lombardum
383 1891 517 1945 inserebant,
534 1891 567 1938 vel
580 1892 652 1954 opeti-

66 1954 108 2001 bus
128 1956 223 2019 separatis
246 1956 382 2010 tractabant,
405 1975 453 2020 quae
469 1957 539 2019 sepius
553 1956 652 2003 inscribt-

67 2017 145 2078 bantur
153 2024 278 2088 Qafliones
293 2023 443 2088 Qodlileticae.
485 2021 652 2087 Theologorum

68 2087 156 2144 quidam
173 2088 229 2133 arcte
240 2090 303 2134 nimis
320 2092 331 2135 ὲ
347 2089 500 2134 Sententiarum
511 2090 613 2153 Magistro
620 2091 653 2133 in-

68 2147 123 2193 eludi
133 2151 151 2197 se
167 2151 266 2215 putantes
280 2153 420 2216 latioremque
436 2156 539 2219 evagandi
545 2154 656 2217 ‘campum

70 2229 185 2278 quarentes
195 2221 301 2268 methodo
313 2224 356 2289 ejus
371 2220 533 2274 renuntiabant,
547 2221 657 2286 longeque
714 2242 716 2245 ·

363 2289 379 2336 Β
400 2301 412 2348 3
586 2286 657 2356 ‘alian
