1495 2681
141 118 194 190 346
231 117 344 173 Inoni<
372 113 623 190 errsrronurr

486 207 723 220 ---.-.-.---....-,

187 230 252 277 stolic.
277 236 299 278 &
320 234 342 277 in
361 236 389 281 Π.
412 230 459 277 libri
477 236 561 278 Hermae
590 233 682 277 mandat.
702 246 723 294 ς,

186 299 269 346 Nourti
281 301 303 343 in
316 303 434 360 Apparatus
451 299 478 345 ad
492 297 648 360 Athenagoram
660 301 683 343 &
699 302 722 346 in

186 364 321 413 Clementem
331 365 432 413 Alexand.
443 367 540 424 Petavius
556 364 578 408 in
589 377 683 409 annotat.
695 366 722 410 ad

186 433 206 477 S.
220 431 359 492 Epiphaniam
380 447 401 493 q.
420 445 472 492 334.
492 429 564 477 Hnetii
590 432 720 494 origeniana

189 495 261 560 quaell.
276 512 312 556 14.

138 572 195 620 th
205 563 354 608 matrimonium
364 559 463 606 adulterio
474 558 527 617 solvi
530 561 605 625 pofflt?

153 627 535 689 Vid.Theologi&Comtnentatotes
547 628 728 690 locornrnEvan-b

186 692 234 758 gelii
241 722 248 742 ‚
264 695 285 737 in
297 689 375 753 qulbus
385 692 410 737 de
420 692 512 737 divortio
524 694 633 740 serntoeil.
665 697 718 741 lau·

186 760 250 823 nojus
269 758 296 805 de
310 757 378 820 Regia
402 759 425 803 in
452 760 590 804 matrimonio
611 761 718 822 potestate.

182 825 280 872 Thomas
296 824 425 887 Campegius
441 825 467 869 de
483 822 661 871 indiffolttbilitnte
673 843 717 872 tna·

183 892 285 937 trimonii.
305 887 397 937 Roberti
414 889 499 936 Cenalis
516 892 646 936 dedivort'io.
656 895 717 937 axio-

182 970 246 1006 mata.
264 953 362 1003 Erasmni
372 956 398 1001 de
408 957 505 1002 divortio.
524 955 624 1003 Cotelerii
637 955 717 1004 observ.

182 1026 205 1069 in
213 1025 322 1070 Hermam.
345 1019 389 1067 Lib.
400 1024 426 1069 ΙΙ,
441 1037 497 1066 man.
506 1036 528 1079 4.
547 1025 570 1070 P.
581 1024 677 1070 Petavins
692 1026 715 1069 in

180 1090 329 1150 Epiphaninnr.
345 1088 428 1132 Nourri
438 1089 461 1131 in
471 1090 573 1133 Hermam
585 1094 607 1135 δε
619 1089 715 1136 Ambro-

180 1153 248 1206 fium,
259 1154 388 1215 Spanheirnii
400 1151 472 1198 Dubia
484 1153 614 1218 Evangelicr.
719 1210 723 1214 .

134 1226 166 1269 De
177 1226 301 1273 firmorum,
312 1216 356 1283 qimi
367 1217 478 1264 divortium
491 1219 526 1280 ufir
542 1233 604 1284 arque
612 1222 713 1281 confitem-

165 1286 219 1335 dine.

150 1353 199 1398 vid.
215 1347 306 1396 Concilii
322 1347 436 1394 Florentini
452 1349 518 1403 Aeta,
534 1364 599 1413 atque
613 1349 713 1397 Historia.

179 1416 277 1463 Histotici
292 1413 384 1462 Concilii
393 1415 518 1460 Tridentini.

131 1486 200 1533 sintne
212 1484 346 1528 Matrimonia
362 1479 482 1540 clandestina
497 1482 558 1528 ullius
570 1481 663 1544 vigoris?

131 1548 196 1615 Qid
201 1547 227 1592 de
239 1549 366 1593 matrimonio
376 1547 564 1606 filiorumfamilias
572 1544 710 1606 studendum,

163 1612 299 1679 quodinvitis
304 1613 348 1671 fiiis
353 1612 471 1672 parentibus
481 1629 502 1656 m
517 1609 582 1657 eunt?

145 1681 193 1731 Vid.
205 1677 296 1726 Concilii
305 1677 423 1723 Tridentini
434 1681 457 1723 δε
469 1677 563 1722 Historiae
573 1677 635 1742 hujus
647 1678 707 1723 Con·

176 1743 223 1791 cilii.
257 1744 375 1789 Gentienus
391 1743 497 1787 Hetvetus
511 1745 534 1787 in
551 1739 593 1788 disi
608 1741 708 1790 Concilio

176 1810 307 1856 Tridentino
319 1810 418 1854 dedicata.
434 1806 552 1869 Elpencaeus
560 1810 583 1853 in
593 1808 707 1871 Epistulam

173 1878 200 1924 ad
205 1875 354 1922 Timotheum.
367 1877 442 1920 Matcae
451 1872 566 1920 dissertatio.
575 1874 595 1920 le
602 1877 672 1919 Merre
680 1875 707 1920 de

174 1941 232 1989 (enin
247 1939 340 1987 Concilii
352 1940 470 1984 Tridentini
483 1938 538 1986 filios
557 1936 638 1986 santiliae
654 1956 707 2000 con-

172 2015 278 2056 cernente.
299 2003 414 2052 Fasciculus
424 2003 549 2067 placitorum
560 2007 706 2057 matrimonia-

171 2075 232 2123 linini-

124 2144 158 2186 De
172 2136 457 2201 impenlt'mentitMatrimonii.
509 2137 511 2139 ’

124 2212 228 2271 Qaenam
247 2217 275 2249 mt
286 2205 364 2250 illorum
373 2201 467 2265 species?

123 2277 228 2338 anam
243 2284 259 2313 rr
264 2269 375 2331 differentia
380 2273 434 2315 mter
443 2265 704 2332 obsiamlaimpedientia&

153 2335 286 2403 dirimeniia?
635 2337 704 2401 Qir-
