1495 2681
130 107 200 176 144⁴
222 107 385 165 Mereonus
395 109 494 165 Srunn
506 106 650 165 Turotooss

125 218 160 266 vel
170 215 316 270 difficultates,
332 235 384 280 quas
394 220 504 281 ingenium
514 216 632 262 humanum
643 214 705 280 obje·

125 285 183 331 &rate
190 283 267 347 potest,
283 283 360 329 nullius
370 285 468 345 ponderis
485 297 547 345 atque
562 281 704 328 aestimarionis

125 347 179 397 sunt.
211 348 270 395 Fidei
278 352 300 393 in
309 354 406 400 DEilM,
418 348 640 394 utPauluslI.Cot.X.
653 363 672 391 v.
678 358 702 405 4.

126 420 150 463 δι
157 428 176 474 5.
188 415 225 463 ait,
243 429 311 458 omnes
323 416 484 459 ratiocinationes
490 410 704 475 'humanrtssomnem

126 479 320 538 altitudinemque
331 480 432 523 extollitur
444 477 541 538 adverfits
546 480 649 539 scientiam
654 478 703 525 Dei,

125 545 221 603 destruit,
229 541 253 589 (θ’
262 559 339 587 omnem
347 543 487 601 cogitationem
501 545 603 605 eaptivdm
613 542 667 589 ducit
675 540 706 586 ad

126 607 257 654 obediendum
269 607 324 664 JEfit
333 605 413 663 christo.
458 609 703 662 Attamenratiocinatio

127 675 155 720 ad
172 669 475 730 eruendumSacreScripturae
487 670 568 719 sensum
578 674 619 720 alio
632 671 701 719 modo

126 738 238 786 conducit,
249 734 370 796 quandoad
379 730 553 796 fignificationem
564 741 704 784 terminorum

124 801 274 849 inveniendam
285 798 455 861 adductione.
467 803 554 862 quando
564 805 626 870 hujus
636 802 669 851 vel
679 802 705 848 ila

125 867 166 914 lius
175 866 217 911 loci
227 864 308 911 sensum
318 862 366 910 scire
383 867 490 926 cupimus,
506 868 532 913 ad
544 871 604 930 quod
620 870 705 917 rariori,

125 934 187 978 nium
197 945 277 995 magno
293 931 414 995 adjumento
426 929 461 977 est.
509 933 565 979 Nam
584 943 616 982 10.
628 933 654 977 de
664 930 706 977 loci

126 997 213 1064 alicujus
232 994 289 1042 sensu¹
307 1013 333 1042 ex
348 997 465 1042 intentione
480 1013 543 1061 atque
556 998 599 1052 fine
611 999 706 1044 austotis

122 1063 235 1129 judicatur.
283 1064 346 1108 Ratio
357 1077 398 1106 nos
410 1062 488 1116 docet,
508 1080 553 1125 quo
572 1063 629 1111 sensu
640 1062 705 1109 verbo

126 1131 170 1194 ejus
187 1126 213 1173 ad
229 1123 388 1189 probandum,
409 1124 567 1175 defendendum
588 1129 622 1177 vel
639 1126 706 1190 expli·

126 1193 218 1240 candum
236 1192 270 1240 id,
286 1193 347 1252 quod
365 1192 487 1253 proposuit,
503 1197 621 1240 conducere
636 1193 706 1255 poffit.

126 1267 164 1308 20.
180 1259 220 1302 Per
228 1257 461 1321 tationemjudicatur,
476 1275 530 1304 num
543 1259 603 1305 locus
619 1259 653 1304 hic
669 1257 706 1303 tali

126 1321 186 1369 sensu
196 1319 308 1384 explicatus
317 1325 475 1368 connexionem
481 1341 528 1370 cum
535 1322 706 1370 antecedentibus

125 1393 149 1435 δε
162 1385 340 1449 consequentibus
351 1386 426 1434 habeat
437 1419 444 1439 ‚
462 1405 501 1435 nec
512 1407 539 1435 ne
551 1396 561 1442 ἓ
580 1399 612 1444 30.
623 1391 663 1434 Per
673 1406 704 1434 ra-

125 1455 207 1500 tionem
226 1450 307 1514 insuper
321 1454 503 1516 SacraeScripturae
519 1454 578 1501 locus
599 1470 648 1501 cum
663 1453 705 1499 aiio

125 1517 266 1581 comparatur.
314 1520 395 1580 Perque
412 1519 467 1566 hanc
481 1522 663 1581 comparationem
679 1520 707 1565 de

125 1583 194 1635 sensu,
210 1599 276 1646 quem
287 1582 364 1628 habere
374 1583 455 1645 potest,
467 1586 578 1650 judicatur.
610 1595 645 1645 40.
661 1586 706 1629 De-

124 1650 372 1713 niqueratiocinationis
388 1665 430 1712 ope
445 1650 589 1713 cognoscitur,
607 1666 633 1695 an
645 1649 706 1697 locus

123 1717 184 1763 datus
194 1715 236 1760 hoc
247 1712 304 1759 sensu
320 1712 433 1776 explicatus
449 1716 550 1778 analogiae
560 1714 609 1760 fidei
617 1714 641 1761 fit
653 1731 705 1760 con-

125 1776 208 1831 sororis,
215 1779 234 1825 h.
247 1796 264 1824 e.
281 1795 307 1824 an
314 1777 351 1824 sibi
361 1777 399 1842 ipsi
408 1779 443 1826 vel
454 1780 575 1827 veritatibus
581 1779 627 1827 fidei
634 1776 655 1826 in
661 1780 705 1827 aliis

123 1846 188 1893 Sacrae
201 1846 311 1907 Scripturae
326 1845 377 1890 locis
391 1845 483 1897 assertis,
512 1863 550 1910 per
576 1844 706 1908 consequen>-

124 1914 162 1958 tias
170 1928 216 1956 non
224 1910 379 1957 sirconttarius.
413 1910 705 1976 Haesuntregulepraecipuae‚

124 1990 178 2040 quos
201 1976 274 2023 bonus
299 1978 364 2023 Sacrae
391 1976 498 2040 Scripturae
521 1981 623 2041 interpres
649 1979 706 2041 sequi

124 2042 194 2089 debet.
327 2074 328 2077 =
663 2065 670 2077 ·

190 2108 262 2175 Qd
285 2109 311 2154 ad
333 2108 460 2154 methodum
480 2109 571 2167 adtinet,
596 2126 662 2173 quam
683 2111 724 2156 ins

74 2225 75 2231 χ
123 2173 285 2220 Commentario
311 2174 376 2233 Sauctae
398 2175 507 2238 Scripturae
539 2190 609 2222 tenere
630 2174 706 2221 debeat

121 2238 243 2303 interpres?
275 2240 311 2287 de
324 2240 358 2287 illa
380 2257 420 2303 pro
446 2240 506 2289 uario
520 2239 706 2307 cujusquerscopo

564 2321 566 2323 ’
587 2332 602 2342 ·-
649 2322 706 2354 vane
