1495 2681
119 138 173 191 114
208 104 644 183 Metuonus⁰stum1mroma

116 197 687 219 Μ

121 230 238 285 conformis
248 253 255 290 5
271 247 321 277 eum
331 229 373 278 falli
387 246 457 276 errore
472 229 557 292 quidem
567 243 613 273 non
623 224 692 289 perni-

123 299 181 345 cioso
193 329 199 350 ,
222 297 249 344 ed
257 311 326 344 tamen
335 300 366 344 ita
367 297 462 358 fallitur,
470 311 494 341 ac
498 296 518 357 fi
525 295 631 359 quitquam
636 303 692 339 erro·

122 381 145 411 rc
158 363 247 423 deserens
257 364 326 413 viam,
342 360 365 407 el
374 376 488 424 peragram
492 374 576 423 pergat,
584 362 691 421 autetiam

124 432 162 474 vr'a
168 428 204 473 c'Ha
211 425 307 490 perducit.
338 426 468 488 Corrigendus
477 428 504 485 est
513 440 590 475 tamen,
600 421 625 469 ὅ
629 440 691 486 quatu

120 495 146 556 fit
155 494 224 538 utilius
238 494 297 537 viam
304 506 343 537 nau
353 489 455 550 desereret
466 489 635 551 demonstrandum
651 490 691 548 est5

62 573 64 575 ’
121 574 147 602 ue
158 556 294 617 confitetudiue
303 555 400 600 deviarat
408 557 471 600 etiam
482 557 504 612 in
512 554 645 613 transverfitm
652 566 691 599 'aut

117 623 236 685 perverficm
245 624 275 666 ire
292 633 381 679 cogatur.
430 618 533 677 Afferenda
542 623 594 666 euim
603 633 692 672 temera,

89 714 91 717 <
119 687 216 750 vquadc‘llc
232 683 337 743 ncustntit
350 698 410 743 quem
420 684 470 743 legit
479 714 486 734 ,
494 686 613 747 plerumque
626 689 692 730 iucur-

124 756 153 797 rit
170 755 191 795 in
204 751 262 801 alia,
277 763 319 810 quc
335 747 365 801 illi
370 747 470 805 sententia
483 762 586 794 contexere
599 762 693 811 nequeat.

120 813 246 863 Abutuntnt
256 827 321 875 potio
332 810 430 858 nonnulli
438 810 495 857 sensu
507 810 625 876 allegorico,
654 823 692 861 -10.

123 880 220 943 Qando
229 878 307 932 senlum
318 875 417 924 literalem
428 893 494 923 meras
499 876 605 940 allegorias
611 893 694 924 'venan-

122 945 164 1003 do.
173 943 299 1008 negligunt,
316 942 462 995 destruuntve‚
475 943 536 1006 quod
549 945 624 991 vitium
635 956 693 990 vete-

55 1056 57 1059 ,
123 1026 156 1058 res
167 1012 191 1056 in
201 1011 294 1073 Origene
310 1010 403 1071 grauiter¹
412 1009 596 1071 reprehenderunt.
627 1017 661 1056 20.
672 1009 693 1055 Si

77 1131 79 1135 ,
124 1075 245 1139 persuadete
255 1072 318 1119 nobis
327 1088 442 1124 conantur,
452 1073 531 1120 sensum
541 1074 598 1120 hunc
608 1073 694 1121 arbitra·

57 1139 59 1141 ’
124 1144 195 1191 num,
211 1155 285 1186 verum
294 1136 333 1184 effe
341 1140 406 1190 Sacrae
411 1140 517 1202 Scriptura
527 1137 612 1186 sensum.
630 1149 664 1196 30.
673 1139 693 1186 Si

123 1206 230 1270 allegorias
237 1203 352 1250 scrutantur
360 1206 452 1254 coactas,
467 1204 576 1268 longeque
583 1207 648 1258 nimis.
656 1220 694 1268 pe-

123 1273 185 1322 titas,
204 1284 251 1334 quae
266 1268 350 1314 nullum
361 1285 405 1323 ,nee
424 1271 446 1313 in
459 1270 519 1316 Sacri
532 1269 635 1332 Scripturi
655 1285 695 1319 nec
726 1274 732 1280 “

123 1339 147 1382 in
157 1334 252 1399 analogii
271 1333 387 1397 figurarum
411 1337 529 1382 Veteris&
547 1337 606 1382 Novi
622 1335 695 1383 Testa.

124 1397 450 1448 mentisundamentumhabent.
482 1409 518 1460 40.
528 1399 643 1448 Sisensrbus
650 1417 695 1463 my.

125 1467 207 1513 stitis&
216 1465 329 1529 allegoricis
337 1467 428 1512 nimium
438 1466 551 1524 inherent,
567 1483 647 1530 eosque
652 1483 692 1530 pro

125 1531 208 1579 meliori
218 1532 300 1577 Sacram
316 1533 440 1591 Scriptorum
450 1532 573 1594 exponendi
583 1532 692 1579 methodo

125 1597 223 1660 ampleeii
233 1595 325 1646 volunt,
341 1594 459 1660 grauiffimo
469 1598 543 1659 utique
552 1612 632 1648 errore,-
640 1598 693 1645 dum

124 1661 258 1711 sensuliterali
266 1676 355 1727 ‚‚quem
364 1662 460 1707 autores
473 1661 520 1707 sacri
532 1676 595 1725 arque
607 1664 693 1727 Spiritus

124 1729 144 1776 S.
160 1726 388 1776 teveraiintendemnt,
403 1724 519 1789 postpofito
524 1757 532 1780 ,
541 1726 631 1774 sensibus
637 1730 694 1776 mete

125 1793 250 1848 arbitratus,
264 1790 322 1837 nulli
336 1790 390 1839 certi
404 1791 476 1854 reguli
487 1794 588 1847 munitis,
605 1804 693 1857 operam
739 1797 741 1800 ”

125 1876 192 1923 atque
205 1859 298 1904 studium
314 1856 375 1903 unici
388 1857 429 1903 dari
446 1860 547 1921 cupiunt:
564 1862 625 1921 quod
635 1861 693 1908 idem

126 1925 167 1977 est,
183 1941 206 1971 ac
222 1924 303 1987 tejeitis
323 1921 373 1969 cibis
387 1920 454 1969 solidis
469 1923 547 1987 pascere
562 1925 693 1974 stomachum

125 1990 224 2048 inanibus
233 1986 417 2054 imaginationibus
428 1990 504 2035 conati.
540 1991 648 2038 E'usmodi
662 1990 695 2039 fa-

124 2059 173 2103 rine
184 2056 432 2117 commentatiimagnnm
443 2008 589 2118 Interpretilus
596 2054 699 2113 seuauto-v

124 2121 184 2168 tibus
195 2123 234 2168 luis
243 2123 354 2185 negotium
360 2117 470 2171 facessunt,
479 2121 527 2183 quia
534 2121 696 2174 inufitatomote

125 2187 214 2250 nisuque
223 2189 303 2251 ingenti
311 2187 467 2250 imaginationis
479 2202 555 2235 nervos
569 2190 696 2245 intendunt,

88 2312 90 2314 ,
126 2267 151 2302 ut
160 2268 233 2321 „notas
247 2252 326 2318 semper
348 2254 483 2319 intentiones
496 2253 622 2320 suggerant,
636 2259 697 2318 queis

625 2334 696 2372 tamen
