1495 2681
104 125 157 179 134
213 98 599 168 MernonusSruonTenoc.

104 233 153 265 non
164 217 225 270 effer,
241 218 333 266 scientias
348 221 385 267 has
400 221 426 266 ad
447 218 601 266 conciliandum
616 214 684 260 textui

107 286 172 332 Sacro
181 302 265 332 novum
274 285 348 333 lumen
358 301 422 350 atque
433 285 594 349 perspicuitatem
608 282 684 327 utiliter

64 382 66 384 >
108 349 233 415 adplicate?
258 354 404 413 Hieronymus
419 352 538 414 persuadere
549 347 586 396 fibi
596 348 685 410 nequit,

109 418 245 465 interdieturn
261 416 299 462 elle
315 434 382 463 novas
396 415 460 462 Sacra
475 419 583 479 Scripturae
597 412 686 476 explica-

56 520 58 522 .
98 485 177 529 >tiones
188 482 407 546 procudere‚antiquis
415 482 510 529 Patribus
520 479 691 546 incognitam-¹

108 563 181 610 eoque
189 546 247 598 illis,
263 566 316 611 quas
330 551 428 594 auciotes
442 549 543 594 christiani
553 562 613 594 antea
620 544 686 611 tradi·

47 627 49 631 ⁴
108 614 199 664 derant,
215 616 337 663 contrarias,
349 615 386 675 qni
394 610 464 673 sapius
475 612 514 675 ipse
527 612 556 659 ab
569 611 686 674 explicatio·-

108 677 195 725 nibus&
207 678 319 723 christianis
330 680 431 738 receptis,
441 678 612 740 confirmatisque
622 680 644 722 in
656 676 686 721 di-

79 746 81 748 ’
108 742 191 789 versum
201 740 555 802 abiit‚Ebraeornmquenotationes
566 743 595 788 est
603 741 689 787 secutus.

107 812 155 852 Hee
163 822 215 854 ner,
229 808 300 868 inquit
310 808 332 851 in
342 804 431 869 Epistola
449 812 500 859 138.
511 807 537 851 ad
556 804 689 851 Marcellam:
742 824 744 828 ¹

109 876 144 916 De
157 873 228 916 intime
237 872 364 918 Hebraeorum
369 874 428 934 sente
437 872 544 917 libavimus
551 900 558 920 ,
565 887 604 915 nere
615 871 689 931 'opinio-

109 952 159 982 num
168 937 247 981 rivulos
255 937 406 999 persequentes,
415 953 477 999 neque
494 952 596 986 errorem,
618 934 688 998 quibus
735 950 738 955 ·

112 1013 167 1047 teres
177 1001 263 1046 mundus
273 1004 359 1064 repletus
370 1003 408 1061 est,
423 1006 524 1047 varietate
531 1003 646 1064 perterriti,
651 996 691 1057 sed

111 1068 213 1127 cupientes
226 1065 306 1126 &seire
324 1067 350 1113 ὅ)
365 1068 450 1117 decere,
467 1085 508 1131 qne
522 1083 575 1113 vere
586 1067 633 1125 fient
643 1069 654 1115 ‚v
665 1068 688 1109 dc

112 1146 161 1177 curn
176 1127 213 1192 ipfi
227 1131 366 1196 objicerent,
382 1149 418 1178 cur
434 1134 514 1198 rejedlis
529 1131 689 1177 christianorum

112 1194 285 1258 explicationibus
293 1197 418 1257 Judaeorutn
431 1198 500 1244 scrinia
510 1196 642 1260 compilarer,
652 1211 690 1239 an·

112 1258 238 1307 tecefforunt
248 1258 346 1313 luorum,
356 1262 456 1327 origenis
462 1265 482 1311 S.
489 1262 689 1311 Clementis,&Eu·-

111 1324 160 1374 sebii
169 1325 270 1389 exemplis
281 1326 299 1372 se
309 1327 413 1378 defendit,
429 1332 466 1392 qui
480 1331 556 1390 pariter
565 1329 689 1390 Jndaeorum

111 1392 260 1455 explicationes
271 1397 293 1439 δι
303 1396 403 1444 citarunt,
415 1400 438 1441 ἅτ
447 1394 509 1441 secuti
524 1393 577 1442 sunt.
611 1395 658 1438 Nec
669 1391 691 1436 S;
743 1410 745 1413 ’

112 1458 242 1522 Augustinus
250 1461 273 1502 in
283 1462 378 1506 anirnurn
386 1458 423 1506 fibi
433 1463 532 1506 inducere
542 1460 619 1521 potuit,
626 1459 689 1503 Sacrae

111 1526 219 1587 Scriptura:
230 1523 294 1570 libros
303 1541 348 1571 non
357 1526 397 1571 alio
404 1528 471 1572 modo
480 1525 576 1585 explicari
586 1520 690 1586 poffiased

112 1590 124 1636 ὲ
135 1592 240 1636 contrario
251 1590 318 1652 palam
327 1590 404 1640 affecit,
415 1608 480 1636 novas
494 1592 560 1636 indies
570 1606 602 1634 res
613 1585 690 1633 affidud

96 1691 98 1694 >
112 1657 135 1701 in
146 1656 211 1701 Sacris
227 1656 290 1702 literis
300 1658 435 1702 meditatione
446 1657 534 1702 inveniri
545 1653 601 1717 polie
617 1672 626 1715 ς
641 1654 690 1715 hinc
708 1714 710 1717 ι

111 1736 192 1767 novam
203 1719 427 1785 vernonem,quamS.
434 1723 690 1781 Hieronymusintexturn

112 1786 209 1834 Ebraeunr
219 1787 329 1833 adornavit
334 1826 342 1846 ‚
354 1790 407 1834 adeo
414 1785 459 1833 non
470 1786 609 1849 improbavit,
619 1801 643 1831 ut
650 1800 690 1846 po·

114 1855 157 1899 tius
169 1854 243 1899 dixerit
259 1875 265 1911 3
281 1851 317 1898 ersi
330 1857 454 1914 interpretes
461 1856 543 1898 unicam
553 1853 620 1898 modo
626 1851 690 1897 fidem
728 1854 729 1857 ’

113 1916 217 1970 habeant,
229 1917 363 1964 necessarium
378 1934 447 1964 tamen
465 1919 506 1971 eli,
521 1932 545 1963 ut
561 1917 691 1980 plutaSacrae

114 1984 224 2047 Scriptutte
229 1984 275 2030 loca
284 1982 373 2030 diffirnili
381 1985 448 2029 inodo
462 1982 597 2046 explicentur,
605 1996 691 2046 propter

113 2065 189 2095 eorum
202 2049 368 2099 obscuritatem,
388 2066 436 2112 qnae
448 2055 469 2096 &
487 2048 526 2111 ipsa
544 2048 651 2098 causaest,
667 2060 691 2092 ut
741 2049 743 2052 ’

113 2113 171 2160 idem
182 2118 256 2162 audior
265 2119 289 2162 in
300 2113 384 2163 diverfis
394 2115 446 2160 locis
452 2113 590 2161 diversimode
600 2127 646 2160 earn
657 2130 691 2159 ex·
710 2158 712 2161 ,

113 2178 182 2243 plicet.
228 2184 302 2229 Nemo
311 2212 312 2215 =
322 2183 415 2245 denique
432 2180 461 2227 est
475 2183 559 2227 Parrum
576 2180 610 2227 vel
622 2181 691 2243 Conr-

111 2253 267 2299 meoniorum,
278 2250 318 2312 qui·
325 2246 421 2313 religioni
433 2244 470 2294 fibi
481 2248 576 2299 duxerit,
586 2246 702 2356 aliantlexss..

630 2326 692 2375 pica·
738 2372 740 2374 Ι
