1495 2681
91 73 385 162 Ricnnsmunm.
405 95 471 153 cn.
486 96 532 155 ΠΙ.
570 114 609 170 47

26 214 133 275 gitavetis‚
145 223 211 270 quam
223 205 319 267 inprimis
336 200 387 247 utile
404 216 515 264 quamque
525 216 609 264 gratum

25 277 62 328 est,
69 288 161 322 mentem
167 270 282 318 suamelare
291 267 430 330 dillinsieque
436 265 538 330 explicate
544 264 609 329 polle,

27 359 93 406 quam
102 352 233 401 exoptatum,
240 332 424 395 defidetatumque
434 330 485 386 illis,
496 331 565 396 quiab
572 349 610 380 ore

26 413 50 455 &
61 403 166 467 disciplina
177 402 300 470 hujusmodi
312 397 404 463 magistri
415 398 516 461 pendent.
564 401 610 446 Ra.

26 474 190 521 tiocinationes,
206 470 233 516 nit
242 465 374 533 Augustinus
383 465 406 510 in
422 465 449 510 cle
460 466 529 511 dosii.
539 463 608 512 christ.

28 557 45 587 c.
55 554 91 597 37.
99 554 120 583 n.
130 551 166 592 33.
176 534 320 585 definitiones,
330 547 395 595 atque
405 527 609 594 divifionesdiscipu-

27 605 52 651 lis
67 603 148 667 absque
164 600 231 648 dubio
245 598 374 664 permultum
390 593 493 660 prosunt:
512 596 608 660 IHapars

28 671 167 732 conclufionum
176 667 202 715 u
210 668 345 728 dqinitionum
359 663 385 712 {5
394 662 552 723 distributionum
561 664 609 726 plu.

27 736 101 780 rimam
110 734 250 781 intellee‘iorem
262 732 359 796 adjuwt.»
387 729 557 777 Concedendum
569 733 609 775 ita·

29 813 72 860 que
81 814 129 844 cum
140 800 217 846 eodem
227 802 286 846 Patre
297 796 334 843 lib.
340 798 366 844 ΙΙ.
382 812 399 842 c.
407 809 443 850 31.
458 802 523 856 n.48.
539 794 606 858 dispu-

27 866 109 909 tationis
124 864 246 926 discpplinam'
259 862 290 908 ad
303 862 371 908 omnia
382 876 460 921 genera
474 863 606 922 questionum,

28 944 69 991 que
78 932 99 973 in
107 930 179 974 litteris
192 931 258 975 Sacris
268 927 317 986 fimi
323 924 452 988 penetranda
465 937 526 987 atque
542 925 607 985 difflu-

27 992 293 1054 vendaplurimumvalere.
325 987 609 1052 Sedilludquoqueinfimul

27 1055 138 1104 latendum
149 1088 155 1108 ‚
167 1060 188 1103 in
200 1057 288 1105 abusum
303 1053 460 1119 Philosophiam
476 1058 528 1103 veui
543 1053 609 1121 posse,

27 1123 70 1170 hoc
80 1140 108 1169 ne
117 1121 169 1175 siat,
185 1122 268 1170 sollicite
278 1123 395 1170 cavendum
404 1121 441 1168 esl.

91 1199 125 1238 1⁰.
143 1187 447 1254 Adlingullinimodolaudati
457 1201 552 1236 mentem
563 1192 608 1238 evi·

27 1255 103 1301 tandus
108 1254 138 1302 est
143 1254 287 1318 disputationis
292 1257 394 1317 pruritus:
407 1256 606 1303 Tantumihicaven.

27 1321 56 1367 da
66 1320 158 1380 ‹fllilido
170 1322 263 1374 rixandi,
276 1322 392 1385 &puerilis
400 1320 489 1384 quedam
500 1324 605 1382 ostentatio

25 1386 133 1449 decipiendi
143 1387 287 1447 adverstzrium.
320 1387 453 1433 vitiumhoc
467 1388 496 1433 eis
509 1387 605 1448 plerum.

26 1467 70 1515 que
80 1452 180 1502 adheret,
190 1455 227 1514 qui
232 1454 254 1498 in
259 1451 416 1513 Philosophiam
425 1452 562 1500 scholasticam
569 1468 605 1501 to-

25 1532 60 1564 tos
69 1517 107 1563 sese
116 1520 246 1582 immergunt
256 1538 263 1576 3
285 1517 402 1564 intelleClus
414 1533 490 1565 eorum
505 1518 607 1567 subtilita-

25 1582 82 1640 tibus
93 1583 146 1630 hisce
155 1582 228 1630 sensim
239 1582 346 1637 adsuescit,
356 1597 411 1629 amat
423 1600 472 1635 eas,
488 1599 604 1648 occupatur

24 1653 48 1697 in
58 1651 90 1695 his
99 1652 171 1700 unice,
180 1649 309 1713 suaviterque
320 1649 438 1712 acquiescit:
449 1650 604 1699 hincimmensa

24 1715 61 1763 illa
72 1717 153 1762 rixandi
166 1714 233 1761 libido
242 1719 321 1765 oritur,
331 1720 354 1762 &
363 1715 474 1762 ostentatio
488 1733 536 1763 vere
551 1734 604 1781 pue·

23 1781 77 1833 nilis,
86 1782 179 1828 victrices
189 1781 268 1845 semper
281 1782 360 1828 laureas
375 1783 486 1833 mucidi,
498 1782 603 1847 suumque

23 1846 160 1896 adversarium
172 1848 274 1894 omnibus
280 1846 455 1911 disputationibus
464 1850 568 1903 vincendi,
578 1856 603 1897 δᾶ

24 1917 51 1961 ad
61 1913 166 1961 filentium
175 1914 282 1979 redigendi
293 1931 299 1958 z
314 1914 349 1960 hic
357 1914 449 1978 scopus,
466 1915 499 1960 hic
513 1914 561 1962 sinis
573 1915 603 1966 est

24 1984 123 2027 omnium
141 1979 219 2033 senne,
232 1982 258 2027 de
275 1980 338 2027 rebus
351 1995 440 2046 quoqne
451 1979 502 2027 seriis
511 1981 602 2044 disputa·

22 2048 124 2098 tionum,
140 2048 161 2093 id
169 2049 239 2109 'quod
254 2062 299 2092 non
311 2046 377 2093 solum
388 2047 414 2092 de
423 2046 516 2099 Scholis,
527 2049 561 2094 sed
574 2051 602 2097 de

14 2110 70 2176 ,ipfis
80 2111 238 2160 celebratillimis
249 2112 372 2160 ausioribus
380 2113 496 2173 intrepidus
503 2129 602 2177 pronun·

12 2180 63 2226 sscio.
94 2175 173 2226 Nullus
182 2179 227 2240 uult
238 2181 310 2226 cedete
318 2209 325 2230 ,
334 2193 399 2223 nemo
411 2178 469 2227 causi
480 2181 565 2233 cadere,
577 2187 601 2230 &

21 2260 49 2291 ne
57 2241 112 2301 sone
132 2247 179 2309 quis
192 2260 284 2294 eumen
295 2246 355 2297 suum
369 2240 426 2292 sueti
437 2260 537 2312 cogatur,
548 2264 601 2294 con-

160 2331 161 2334 *
512 2310 599 2377 sugium
