1495 2681
112 181 114 185 f
131 124 151 176 6
190 116 354 175 Mernonus
371 121 471 188 Srunn
487 109 657 178 Tnuotoorcr

133 234 184 283 pere
200 235 247 266 non
265 222 349 281 potest,
374 237 397 268 ur
413 223 521 285 lallapro
531 228 583 271 veris
599 223 712 268 habeamus

136 300 202 348 arque
211 287 325 332 credamus.
359 289 409 334 Hoc
417 291 439 334 in
450 291 551 353 principio
565 290 661 335 omnium
672 303 713 333 no-

64 409 66 412 .
136 350 225 402 stratum
236 353 397 414 cognitionum,
406 357 466 399 etiam
476 356 600 401 naturalium
612 354 714 401 certitudo

137 414 174 464 fita
185 418 215 463 est
230 433 235 460 :
250 432 301 462 nam
312 415 396 464 aliunde
405 418 469 465 nobis
478 421 620 471 nonconllar,
632 431 714 465 nosmet

138 481 194 543 ipsos
207 483 262 527 iisin
278 480 339 528 rebus
354 513 361 534 ,
381 500 427 546 quae
442 484 506 529 nobis
518 485 672 532 evidentissimae
682 485 715 531 vi,

137 548 216 593 dentur
228 577 235 597 ‚
251 552 274 595 &
287 563 339 609 quas
349 546 401 594 clare
412 547 550 612 distindleque
560 553 582 595 in
593 551 668 612 sphaera
677 566 715 595 na-

138 612 201 659 turali
212 615 359 675 concipimus,
375 615 456 657 nonin
472 612 566 662 fraudem
581 618 662 665 induci,
678 612 716 661 nili

140 679 228 728 exinde,
239 680 288 741 quia
303 677 345 723 heri
359 676 419 722 nullo
435 681 503 724 modo
519 680 603 743 potest,
618 696 642 726 ut
652 684 716 726 DEus

139 742 233 789 naturale
249 741 312 787 nobis
325 742 397 787 lumen
409 743 497 793 dederit,
516 746 576 807 quod
595 762 636 791 nos
653 745 715 799 sallat,

138 809 244 870 quodque
264 822 303 869 pro
322 809 406 855 veritate
421 806 526 855 salfitarem
544 807 607 856 nobis
622 808 716 875 objiciat:

139 876 188 935 quia
201 871 330 932 cumbonus
339 873 486 936 arquesapiens
497 873 531 927 fir,
542 891 587 921 non
595 879 716 937 poeniteam

138 940 161 984 in
173 937 235 984 nobis
245 937 360 984 efformaffe
374 955 485 990 naturam,
502 958 548 1002 quae
560 938 584 985 fit
600 943 625 986 ad
641 942 718 1002 decipi-

140 1005 222 1051 endum
233 1020 273 1050 nos
288 1003 345 1063 quafi
357 1002 426 1055 sac‘ra,
438 1007 459 1050 in
475 1004 548 1055 rebus,
563 1021 616 1069 quas
627 1006 680 1052 clare
693 1018 717 1050 ut

141 1086 200 1116 veras
210 1070 408 1129 comprehendimus
418 1100 426 1123 ‚
442 1075 464 1117 &
478 1089 514 1134 per
530 1073 551 1117 id
562 1072 628 1134 ipsum
638 1073 659 1117 in
670 1087 717 1117 eam

139 1148 181 1181 nos
191 1129 329 1181 neceffirat'em
339 1133 449 1198 redegisse,
462 1152 485 1182 ur
500 1153 545 1183 non
556 1136 657 1199 pellimus
671 1152 717 1181 non

140 1199 209 1247 seduci
219 1215 255 1245 aur
267 1201 350 1260 decipi,
365 1217 403 1247 nec
415 1217 511 1265 unquam
524 1204 623 1248 nimirum
634 1219 661 1248 eo
672 1217 718 1264 per·

140 1266 232 1328 tingere,
243 1281 295 1328 quo,
303 1281 376 1311 verum
387 1265 398 1311 d
414 1263 463 1312 salso
474 1267 598 1331 distinguere
608 1268 718 1314 valeamus.

140 1331 194 1378 Haec
205 1330 302 1376 colledlio
313 1331 405 1393 rel'pedlu
416 1331 557 1380 revelationis,
569 1348 633 1394 quam
644 1332 717 1377 DEUS

141 1395 204 1444 nohis
213 1397 254 1457 ipse
264 1394 306 1441 five
314 1398 433 1442 immediate
443 1396 483 1442 sive
490 1399 580 1443 mediare
588 1400 613 1443 de
625 1396 718 1442 nonnul·

141 1459 167 1508 lis
183 1463 239 1512 dedit
255 1461 393 1513 veritatibus,
413 1462 480 1508 multo
496 1464 564 1509 adhuc
578 1463 664 1512 validior
675 1462 718 1514 est3

142 1524 191 1572 alias
197 1525 276 1572 necelle
287 1524 424 1577 sorerdicere‚
436 1528 498 1573 Illum
509 1528 578 1589 ipsum
590 1528 719 1574 ledudlorem

143 1605 167 1637 ac
181 1591 318 1653 impostorem
332 1590 382 1644 elle,
399 1594 431 1638 cui
448 1592 526 1655 volupe
539 1591 578 1643 fir,
592 1597 614 1639 in
624 1608 719 1640 errorum

143 1658 254 1719 praecipitia
264 1674 304 1702 nos
314 1659 420 1722 conjicere.

209 1720 380 1785 Suppofiro'hoc
395 1723 509 1785 principio,
520 1720 571 1768 nihil
581 1720 636 1767 aliud
654 1718 722 1770 restat,

144 1801 210 1849 quam
221 1787 310 1848 questio
325 1785 387 1837 sacti,
403 1790 501 1851 quando,
516 1785 551 1849 per
562 1804 626 1850 quern
637 1790 659 1831 δι
676 1800 721 1847 quo

144 1853 212 1903 modo
226 1856 290 1899 DEus
300 1852 424 1899 hominihus
440 1855 533 1898 veritates
549 1852 653 1915 religionis
663 1865 722 1895 reve-⁴

146 1915 234 1968 laverit,
258 1923 280 1965 dc
291 1919 349 1963 unde
361 1934 439 1964 cerrum
460 1916 495 1967 fit,
514 1918 549 1963 has
564 1933 613 1962 eum
628 1912 725 1961 revelasse.

146 1982 265 2030 veritates?
290 1985 311 2029 Si
329 1985 385 2029 enim
401 1984 457 2030 cerro
471 1984 565 2033 constat,
582 1985 613 2027 uri
624 1982 722 2032 diximus,

147 2046 275 2094 christianam
296 2049 419 2111 religionem
436 2064 506 2094 veram
523 2046 567 2093 elle.
583 2049 595 2092 i.
610 2064 628 2092 e.
646 2045 722 2107 Jlilum

146 2112 253 2158 Christum
263 2113 382 2160 veritatibus
392 2114 484 2160 revelatis
495 2113 522 2158 ad
532 2112 616 2158 lalurern
626 2112 723 2156 homines

147 2176 254 2230 imhnille,
269 2180 318 2226 illud
330 2197 419 2243 quoque
430 2179 588 2225 concedendum
602 2178 645 2230 eli,
663 2175 723 2239 quod

148 2244 210 2290 eriam
220 2246 338 2293 Parriarchis
348 2261 415 2311 atque
425 2244 536 2307 Prophetis
547 2245 569 2290 in
579 2248 604 2293 V.
610 2245 639 2291 T,
646 2240 724 2290 revela-

657 2321 725 2354 nones
