1495 2681
135 121 172 171 14
207 106 369 171 Maruoous
386 112 482 169 Sruon
501 113 645 173 Tur-:otoo

139 192 707 209 Μ

134 219 185 267 ciliis
195 224 316 285 congregati
331 225 357 267 ad
369 223 507 270 stabiliendam
522 226 601 274 sidem,
616 224 707 274 hereses-

135 304 179 353 que
189 286 340 350 prolctibendas
348 287 505 349 innitebantur;
523 296 546 337 &
553 291 655 335 mediante
665 287 707 333 hoc

134 356 241 401 axiomate
258 354 363 399 Doctores
377 354 479 399 Catholici
490 353 579 402 Ecclesiae
590 355 706 401 murinam

134 418 286 467 defenderunt,
296 434 418 480 erroresque
427 420 582 479 suppresserunt.

203 485 234 529 Ex
244 483 275 529 his
288 485 392 545 principiis
406 483 513 545 sequitur,
529 484 649 549 Theologiae
662 482 706 530 stu·

133 549 226 597 illumin
241 549 282 595 hoc
300 547 421 594 consistere:
440 556 471 597 1⁰,
480 566 509 595 ut
526 553 610 596 rationis
619 565 706 597 nervum

132 615 282 664 intendamus,
298 629 342 676 quo
353 609 501 674 cognoscamus
509 616 547 674 id,
563 619 622 678 quod
633 630 704 660 canos

134 683 161 727 de
171 682 296 727 divinitate,
312 681 334 723 δι
344 676 400 722 cultu
412 676 449 738 ipfi
463 679 534 724 debito
546 680 620 726 docet:
637 689 670 729 20.
681 692 704 725 ut

132 744 243 809 religiones
258 739 313 787 salsas
321 770 328 793 ,
344 743 433 804 cognitis
450 760 520 789 earum
535 741 665 795 falsitatibus,
674 760 706 790 re·

127 812 225 877 jiciamus
236 823 241 849 :
260 817 292 862 30.
303 821 406 869 quantum
417 810 437 851 in
449 808 511 855 nobis
521 808 565 859 est,
581 823 651 854 veram
663 813 706 855 tce-

131 877 233 939 ligionem
244 888 280 934 pet
289 875 368 918 motiva
378 872 526 925 credibilium,
535 873 654 919 indubitato
659 888 705 919 eam

131 942 200 986 modo
210 936 378 987 maniseslantia,
394 954 490 985 eruamus
505 955 511 982 :
526 947 560 998 4⁰.
576 938 659 1001 cogniti
673 955 705 984 re-

131 1005 215 1069 ligionis
225 1002 334 1049 christianae
345 1004 444 1054 veritate,
459 1005 573 1050 videndum
585 1005 706 1066 est,inquo
728 1027 731 1030 ¹

133 1073 220 1117 demum
233 1070 326 1114 veritates
335 1066 445 1120 revelate,
463 1085 513 1132 quas
528 1069 561 1115 illa
574 1085 615 1114 nos
625 1070 704 1120 edocet,

132 1134 249 1182 consrllaur.
281 1135 331 1177 Hoc
346 1146 369 1178 ut
384 1135 548 1196 cognoscamus,
563 1132 646 1180 nonnisi
658 1136 705 1187 duae

132 1197 195 1246 nohis
207 1201 244 1243 viae
254 1211 330 1259 patent.
374 1198 472 1255 Qarum
483 1202 548 1261 prima
563 1201 603 1248 est,
615 1212 638 1244 ut
646 1200 705 1244 Sacra

131 1264 259 1315 Volumina,
268 1264 360 1308 veritates
371 1261 414 1307 illas
424 1265 564 1313 continentia,
574 1266 705 1326 nomineque

131 1331 150 1375 S.
156 1331 262 1391 Scriptura
271 1329 380 1377 venientia,
390 1327 488 1391 legamus.
518 1327 593 1381 Altera,
605 1343 627 1374 ut
635 1328 703 1374 Eccle-

130 1393 204 1440 liarum
214 1393 347 1439 traditionem
358 1394 477 1443 audiamus,
488 1392 703 1456 eamqueseduloper·

132 1459 257 1521 vestigemus
271 1460 292 1501 in
306 1456 347 1501 fide
361 1455 493 1503 Ecclcfiarum
508 1457 704 1520 antiquissimarum,

133 1536 198 1587 quam
209 1522 416 1568 rellanmtAotiores
426 1526 523 1567 coaetanei
534 1522 618 1585 fideque
633 1523 701 1586 digni:

132 1604 196 1651 porro
203 1589 224 1632 in
234 1584 391 1631 delinitionibus
397 1588 540 1632 conciliorum
547 1588 671 1649 generalium
680 1592 703 1632 δι

130 1653 283 1717 particularium
293 1668 301 1712 3
316 1652 401 1695 demum
407 1653 427 1696 iu
437 1654 652 1715 Patrumtellimoniis.
670 1662 703 1710 50.

130 1717 265 1779 Philosophia
279 1713 415 1776 &imprimis
427 1717 529 1761 dialeslica
541 1716 598 1763 suum
615 1733 704 1780 quoque

130 1783 205 1835 habere
216 1782 275 1828 usum
282 1780 348 1843 potest
358 1782 383 1825 ad
390 1779 531 1827 conclufiones
542 1800 567 1828 ex
577 1780 704 1835 veritatibus,

131 1866 178 1912 quae
189 1848 291 1911 principiis
301 1848 368 1891 modo
383 1847 443 1892 dietis
453 1849 582 1899 innituntur,
597 1847 703 1898 eruendas,

130 1915 279 1976 explicandas,
301 1912 436 1957 &adversus
456 1927 546 1958 errantes
568 1912 703 1972 adhibendas.

132 1979 255 2024 Cavendum
266 1991 337 2022 tamen
350 1977 432 2026 sedulo,
441 1993 467 2021 ne
477 1976 591 2022 libertatem
603 1977 663 2023 uobis
670 1976 703 2022 su·

132 2059 231 2095 mamus,
248 2042 377 2103 questiones,
384 2057 430 2104 quae
437 2044 531 2087 veritates
542 2042 636 2089 revelatas
650 2058 702 2087 con·

131 2123 233 2158 cernunt,
241 2109 266 2153 ad
276 2105 337 2151 solam
345 2108 434 2151 'tationis
444 2136 451 2159 ,
462 2107 600 2170 humanaque
609 2107 704 2154 Philoso-

131 2174 184 2236 phiae
197 2172 285 2218 luculam
301 2173 408 2217 decidendi
422 2192 429 2230 3
449 2182 488 2216 aut'
502 2175 563 2219 etiam
580 2174 704 2235 qnael‘liones

131 2253 189 2287 mete
201 2235 350 2300 philosophicas
372 2239 396 2283 in
411 2236 554 2301 Theologiam
577 2238 704 2286 intrudendi.

655 2304 704 2349 Lin-
