1495 2681
114 48 222 141 ...Reate
231 81 434 135 lust-trusum·
449 77 514 135 Can.
525 79 573 133 ΙΙΙ.
613 82 648 145 69

30 179 33 183 ,
66 161 642 179 ww*

27 220 29 222 ·
65 187 211 242 indissolubile.
242 188 327 232 Dantur
338 202 387 236 res,
403 201 450 247 qua
458 185 485 231 ab
497 184 599 231 omnibus
609 201 647 230 an-

67 260 130 319 tiquis
140 251 320 317 philosophis-pto
332 252 386 298 veris
397 250 471 297 habita
482 250 540 301 sunt,
553 266 646 313 quatum

65 338 135 369 tamen
142 314 292 379 salfitaspostea
303 315 430 380 deprehensa
439 316 494 364 suit:
512 319 596 364 cottidie
607 315 646 362 ab·

65 390 158 434 dicamus
173 399 244 429 earum
261 387 391 447 opinionum
408 382 501 434 abusus,
520 400 567 446 quae
583 397 645 429 antea

64 452 148 499 invittae
158 451 248 497 veritatis
257 466 348 515 regnum
359 449 471 497 tenebant:
490 449 560 497 Habet
569 448 645 512 religio
697 497 699 501 ,

64 517 103 562 alia
116 532 184 577 eaque
199 520 285 562 certiora
306 519 425 579 principia,
444 515 523 579 quibus
536 514 644 562 fundatur.

62 583 127 629 Venit
140 580 205 645 JE'sus
221 581 315 630 Chrislus
329 585 351 629 in
368 582 475 629 mundum
491 594 515 629 ut
528 581 644 645 sapientum

63 649 126 714 hujus
132 649 208 695 mundi
213 647 346 711 sapientiam,
357 651 488 711 prudentum
501 650 644 711 prudentiam,

62 718 85 760 &
97 713 276 776 Philosophorum
286 714 402 778 superbiam
413 731 450 778 per
459 714 566 760 stultitiam
579 715 645 760 erucis
711 725 713 727 ’

62 781 146 841 pudore
158 778 304 827 consunderet.
335 784 416 827 Interea
426 780 521 843 Apostoli
534 780 562 828 est
573 778 644 826 Eccle-

62 843 95 906 siae
107 860 179 907 patres¹
192 846 249 890 haud
264 847 323 890 vetiti
333 845 386 889 sunt
397 873 403 893 ,
416 847 568 891 audlotitatem
578 860 643 907 atque

61 912 231 957 ratiocinationes
244 908 425 971 ‘philosophorum
446 908 544 957 adhibere
565 911 643 956 utiliter

46 986 47 989 ’
61 974 99 1022 ubi
111 993 159 1022 vera
168 975 299 1026 loc'uti‘surrt,
309 974 342 1021 vel
353 975 458 1022 crassiores
470 991 642 1038 paganorumet-

60 1058 118 1088 rores
130 1043 274 1088 traduxerunt.
306 1043 362 1102 Qae
371 1040 491 1104 philosophi
503 1043 530 1088 de
537 1040 644 1088 existentia

60 1105 110 1154 DEI
115 1138 122 1158 ‚
132 1109 158 1153 de
173 1108 324 1161 Prouidentia,
340 1108 367 1153 de
378 1107 518 1154 immensitate
528 1137 536 1160 ‚
552 1106 585 1154 vel
594 1106 642 1153 teli-

61 1176 110 1236 quis
123 1176 167 1240 ejus
182 1171 303 1226 adtributis‚
320 1174 346 1219 de
362 1176 467 1237 principiis
479 1172 607 1226 moralibus,
618 1177 642 1220 dc

61 1241 87 1285 de
105 1242 181 1286 virture
198 1238 292 1302 praeclare
307 1241 425 1291 dixerunt,
441 1239 642 1301 laudarunr‚atque

60 1304 194 1369 allegarunt,
210 1306 236 1350 ad
252 1306 399 1351 auctoritatem
416 1308 490 1368 pariter
512 1307 641 1353 &rationes

60 1388 136 1418 eorum
148 1386 291 1433 provocarunt
301 1403 309 1425 ,
326 1369 362 1417 ubi
370 1370 455 1418 fidiitios
464 1374 561 1437 gentium
570 1371 644 1435 vulgi-v

58 1452 102 1500 que
112 1438 164 1483 deos
175 1434 311 1489 resumunt,
321 1453 453 1501 morumque
468 1442 517 1485 viria
529 1438 640 1500 reprehen-

57 1505 153 1549 derunt:
173 1505 196 1549 in
214 1519 260 1565 quo
275 1504 294 1548 S.
306 1502 395 1549 Paulum
412 1504 541 1565 Apostolum
567 1505 642 1549 imitati

57 1568 105 1616 sunt
120 1599 127 1619 ‚
143 1572 175 1615 cui
185 1569 241 1614 haud
251 1585 360 1632 quaquam
371 1568 467 1633 religioni
473 1569 525 1616 suit:
538 1567 640 1632 profanos

59 1638 133 1698 po'e'tas
143 1651 184 1697 pro
194 1638 298 1681 concione
309 1634 412 1699 allegare,
427 1641 513 1682 Aratum
526 1634 598 1682 seilicet
615 1637 641 1681 de

58 1701 165 1747 existentia
172 1703 231 1751 DEI,
241 1704 413 1747 &Menandrum
424 1703 449 1749 de
460 1700 563 1765 improbis
574 1703 642 1747 mori-

58 1766 112 1817 bus,
123 1768 161 1828 qui
172 1783 198 1813 ex
210 1767 371 1813 conversatione
388 1783 437 1813 curn
448 1769 558 1830 deperditis
569 1768 641 1813 homi-

57 1831 121 1878 nibus
132 1834 267 1895 proveniunt.
309 1834 403 1879 Priorem
416 1835 436 1880 S.
444 1834 522 1880 Paulus
532 1832 606 1896 allegat
618 1834 641 1878 in

57 1900 154 1944 oratione
166 1928 173 1952 ,
190 1914 256 1961 quam
267 1898 356 1945 Athenis
364 1901 386 1944 in
394 1902 506 1964 Areopago
517 1897 592 1945 habuit
603 1898 642 1945 ubi

57 1963 194 2026 probaturus,
200 1980 275 2011 uerum
283 1966 360 2010 DEum
370 1982 416 2011 non
423 1962 642 2012 inmanusadiistem-

57 2027 97 2092 plis
106 2029 214 2081 habitare,
232 2027 296 2076 sedin
307 2032 351 2095 ipso
358 2047 388 2078 ae
393 2048 429 2094 per
437 2033 505 2094 ipsum
515 2033 587 2079 vivete
593 2048 642 2085 nos,

58 2098 160 2146 moveri,
177 2111 242 2158 atque
257 2093 312 2147 else,
328 2097 401 2161 allegat
422 2098 477 2144 hanc
493 2098 642 2162 po'estaemodo

59 2163 165 2207 nominati
182 2161 305 2208 sententiam
321 2180 328 2212 ε
351 2159 412 2228 Ipstns
426 2168 485 2210 enim·
490 2167 598 2228 progenies
607 2165 644 2225 fit

59 2242 105 2274 mne
115 2257 122 2282 ‚
147 2241 189 2275 aaut
197 2230 310 2290 'vestrorum
315 2237 424 2294 poetarum
434 2231 520 2295 qnidam
535 2230 644 2280 dixeruntt

371 2297 419 2359 ΕΞ
589 2300 647 2344 Nam
