1495 2681
112 122 165 162 102
201 102 618 164 Marnonusstunnrnsotoa.

105 181 676 198 w
700 197 702 199 v

111 209 146 256 vel
155 212 285 273 ignorantia,
299 212 332 259 vel
343 213 433 259 studium
443 230 487 260 acte
497 212 521 256 ad
531 209 608 271 aliquid
613 210 684 273 hujus-

113 277 175 321 modi
183 280 314 331 eruendum,
324 278 392 340 plures
401 281 463 325 Sacra
468 278 572 338 Scriptura
582 274 684 320 locosin-

113 340 200 388 terrena
209 343 339 404 &explicatu
349 340 443 390 difficiles
452 343 552 394 reddunt,
559 340 612 387 &ad
618 342 686 386 Corn-
739 355 741 361 ⁴

79 462 81 464 ¹
116 409 284 454 mentatiosnos
297 408 391 469 adigunn

123 510 126 516 ,
177 471 211 516 Ad
223 471 345 533 superandas
360 471 398 517 has
409 468 552 527 difficultates,
566 467 687 533 Librorum·

114 549 158 596 que
167 532 272 581 laetorum
279 536 421 581 obscuritatem
437 535 552 581 tollendam
562 534 605 580 obs.
624 543 655 580 10.
666 534 687 579 Si

116 598 248 646 vocabulum
258 599 363 646 ebraicum
376 598 405 644 est
414 598 551 661 ambiguum,
559 599 614 645 illatn
625 598 687 662 signi-

114 660 236 710 ficationem
247 663 383 725 amplediere‚
398 678 445 723 quae
458 663 521 725 scopo
535 663 634 710 sermonis
645 680 689 722 tna-

116 729 174 773 xime
182 729 281 791 quadret,
291 731 314 772 δι
329 728 421 788 antiquis
436 725 566 773 verfionibns
578 727 601 773 fit
611 744 689 774 conve-

115 793 183 838 niens.
216 801 250 842 ιθ.
265 791 390 837 Hebraicatn
407 806 471 854 atque
484 795 576 837 Graecam
587 795 690 856 Linguam

115 855 172 902 bene
182 857 267 907 calleas,
281 856 405 917 ebtaeosque
414 852 529 919 idiotismos
537 854 645 903 familiares
652 856 690 912 tibi

116 922 197 968 reddas.
224 932 258 976 30.
268 922 456 972 Construdlionem
463 921 571 984 diligenter
581 924 691 977 attendito,

119 985 252 1049 quaesensum
261 985 370 1031 meliorem
383 985 473 1031 exhibet.
505 995 540 1043 40.
557 985 599 1032 Ubi
610 985 691 1047 conspi-

119 1053 161 1096 cies
169 1054 235 1096 vatias
245 1050 283 1097 esle
294 1065 363 1095 textus
377 1050 460 1112 alicujus
469 1050 581 1099 lectiones,
591 1067 636 1095 eam
647 1049 691 1095 seli·

119 1132 168 1180 gas,
179 1132 225 1178 quae
233 1131 274 1176 prae
283 1116 354 1160 cereris
363 1112 455 1160 maximi
464 1116 586 1161 audloritate
594 1115 692 1179 gaudeat,

121 1186 144 1227 ὃ(
153 1180 189 1225 ubi
199 1196 269 1225 textus
278 1180 305 1224 de
319 1178 411 1224 les‘lione
423 1179 501 1225 dubins
510 1178 533 1225 stt
546 1195 656 1241 corruptus
666 1180 692 1225 acl

120 1247 216 1306 antiquas
225 1241 328 1288 verfiones
338 1272 346 1291 2
362 1245 393 1288 uti
405 1244 471 1287 modo
481 1246 588 1292 diximus,
604 1261 693 1289 enmre·

120 1307 222 1359 formato.
254 1309 295 1369 (*)
329 1317 362 1366 50.
378 1310 462 1353 Dantur
472 1325 560 1370 quoqne
569 1309 693 1371 regnlaeaad
717 1350 719 1353 ,

120 1373 271 1422 difficultates,
287 1388 334 1432 quae
344 1372 378 1417 vel
387 1390 412 1418 ex
418 1375 481 1418 unitrs
487 1374 545 1419 verbi
555 1374 632 1420 diversa
639 1390 694 1435 pun-

121 1441 214 1485 &atione
227 1439 276 1483 oriri
292 1434 392 1497 polium,
408 1436 516 1483 tollendas.
549 1441 582 1484 60.
599 1440 657 1504 Qae
668 1454 694 1483 ex

121 1504 236 1568 allegoriis,
248 1502 387 1562 metaphoris,
396 1502 483 1563 aliisque
493 1497 695 1564 librorumpoetico-

122 1586 172 1616 rum
182 1569 255 1633 figuris
264 1569 392 1630 proveniunt
406 1565 547 1617 difficultates,
565 1584 613 1615 curn
625 1568 695 1629 paula.

123 1638 161 1681 om
170 1637 250 1680 eisdem
259 1631 383 1681 adsueveris,
390 1630 498 1692 superabis.
530 1641 564 1692 70.
582 1634 624 1680 ubi
634 1632 695 1681 letnel

122 1706 219 1749 monitus
227 1701 265 1745 erit
276 1697 354 1747 ledor,
370 1710 438 1743 extare
449 1695 567 1760 frequentes
575 1699 597 1744 in
603 1700 694 1761 Prophe-

581 1789 584 1793 ·
626 1778 696 1810 tatum

149 1854 190 1903 (ἃ)
202 1852 244 1890 Hoc
257 1851 309 1890 nimis
322 1862 387 1888 temere
399 1850 479 1901 profecto
488 1854 584 1897 decretum,
595 1860 613 1894 &
621 1856 696 1894 omnino

205 1906 258 1945 male.
284 1905 406 1957 Qidenim?
424 1920 482 1945 annon
496 1915 513 1947 &
528 1918 598 1960 peccant
607 1908 696 1949 sexcenties

204 1961 292 2000 vetfiones
307 1962 399 2013 antiqua?
416 1965 477 2000 Annon
490 1963 528 2013 iplae
540 1965 609 2002 incettae
620 1967 696 2004 toties&

136 2025 138 2028 ’
204 2015 340 2065 cottnpriffimae
350 2022 355 2052 ἒ
369 2020 416 2054 {rane
425 2012 466 2054 fons
475 2020 507 2057 erit
516 2015 525 2056 ὲ
533 2020 571 2056 rivo
585 2022 697 2073 purgandus?

203 2076 244 2110 Into
254 2084 296 2109 vero
306 2072 379 2121 superest
388 2082 416 2120 per
426 2073 464 2109 nrt
478 2073 552 2125 gratiam
564 2072 633 2113 abunde
645 2076 698 2114 subli-
738 2082 740 2084 ’

195 2126 273 2165 diorum
286 2140 307 2165 ex
316 2125 444 2165 hermenevtice
452 2126 497 2165 sacra
512 2128 608 2182 criticaeqtre
621 2131 665 2170 sanat
677 2144 698 2170 ac

206 2181 331 2232 citcnntlpcdtae
340 2182 426 2234 Regulis3
439 2196 516 2234 quornm
524 2196 557 2234 ope
567 2185 663 2230 cavebitur,
676 2200 698 2225 ne

207 2238 250 2286 quid
258 2237 316 2276 damni
326 2237 382 2287 capiat
390 2249 446 2277 textus
455 2237 513 2287 satan,
524 2252 568 2280 nete
580 2240 698 2294 insuperabilis

208 2288 300 2331 obscuritas
308 2292 373 2333 existat.
401 2339 403 2341 v
