1495 2681
138 115 176 172 30
213 99 373 158 Mrrrronus
390 103 487 159 Srunrr
502 103 652 163 Termon-

588 194 717 204 ...----

138 216 284 295 maximaque·
289 222 440 283 principiorum
459 196 587 265 moralium
582 234 646 282 pars.
662 235 721 281 quae·

138 282 189 327 dam
206 286 231 330 ad
245 287 333 333 rationis
348 286 420 333 lumen
436 286 546 363 cognosci
543 285 589 333 licet
606 298 719 348 nequeant,

138 351 229 397 minime
241 355 340 401 romenei
352 353 399 399 sunt
409 355 526 404 contrarie,
541 352 608 399 immo
617 349 629 396 ὲ
637 352 720 397 ratione

138 415 202 464 semel
213 419 302 481 cognitae
313 435 354 481 pro
369 418 449 464 summe
463 418 606 480 poffibilibus,
619 416 720 481 probabi-

137 482 237 545 libusque
246 483 357 535 habentur,
364 502 380 529 e.
385 502 405 548 g.
413 482 452 529 effe
458 484 545 528 Coelum
555 485 718 535 beatorumim-

137 550 185 612 pios
198 565 272 595 orcum
288 566 384 595 manere:
400 554 439 594 &a
457 550 563 614 Qaedam
580 552 672 613 denique
684 567 717 595 ta-

137 616 192 660 tioni
202 632 248 661 non
258 615 326 661 solum
339 614 386 660 sunt
396 614 608 679 prorsusincognitae,
620 614 677 662 sed
661 619 717 662 erin-

136 680 217 743 super
207 700 219 726 e
228 682 331 726 diametro
342 681 439 725 videntur
451 680 718 745 contrariaeimmoimpos-

136 744 212 797 sibiles,
225 765 241 791 e.
236 765 268 810 ..g
263 745 372 803 mysteria
381 746 499 794 Trinitatis,
514 749 663 794 incarnationis
676 753 716 798 &u

135 812 204 868 Qrod
214 813 240 858 ad
250 827 326 874 primas
331 810 406 857 harum
417 824 525 867 ventarum
531 812 622 862 adtinet,
629 810 671 858 sne
677 813 718 860 du

122 910 124 912 ·
136 877 173 923 bio
181 877 314 938 permiisum,
324 870 463 930 utile,immo
466 881 488 922 ὃς
499 875 634 922 necessarium
644 878 681 927 est,
692 892 717 924 ut

135 945 190 989 ratio
212 942 262 990 fidei
283 944 360 989 adeas
381 941 467 988 firmiter
485 944 607 989 tenendas
596 958 715 1007 Jungatur·

135 1010 197 1071 quod
203 1010 229 1055 ad
235 1008 344 1061 secundas,
360 1011 412 1053 ratio
423 1025 494 1071 neque
501 1009 527 1053 de
536 1011 633 1062 veritate,
643 1026 715 1072 neque

136 1076 163 1120 de
173 1072 255 1121 saliere
265 1091 336 1121 earum
341 1075 432 1138 judicat,
440 1073 472 1119 sed
473 1075 553 1138 Judtcat
559 1090 648 1125 tantum,
653 1075 715 1138 quod

134 1141 216 1186 lurnme
235 1140 250 1185 Γ
251 1155 274 1185 nt
289 1138 408 1202 poffibiles‚
432 1132 490 1185 vens
483 1140 604 1203 milesque,
621 1157 714 1203 cumque

134 1220 189 1251 certa
201 1203 216 1250 Γ
209 1220 238 1258 t,
252 1222 287 1250 eas
301 1204 402 1251 revelatas
421 1202 471 1257 effe,
482 1203 571 1267 sicile
553 1222 582 1251 ers
593 1206 715 1253 consensum

97 1287 100 1290 ·
133 1271 186 1317 dat
202 1269 236 1317 sed
251 1268 345 1333 respeoiu
359 1272 465 1316 tertiarum
482 1273 568 1317 rationis
584 1274 670 1317 unicum
684 1272 715 1318 est

133 1333 230 1391 officium
242 1367 248 1386 ‚
264 1338 357 1400 judicate
370 1365 378 1388 ,
394 1335 514 1381 revelaraene
524 1320 549 1380 Γ
532 1351 580 1387 nt,
594 1353 621 1382 an
630 1339 714 1396 minus;

133 1400 192 1463 sique
202 1398 229 1448 de
245 1405 331 1448 veritate
347 1400 479 1448 revelationis
492 1400 522 1446 est
535 1403 643 1453 considis,
654 1401 714 1449 fateri

132 1467 209 1518 debet,
223 1467 277 1513 hanc
291 1470 397 1514 veritatem
408 1465 468 1513 suum
486 1465 607 1528 exfitperate
621 1482 714 1530 captum,

133 1547 275 1594 teneturque,
292 1532 310 1578 se
320 1531 418 1594 subjicere
428 1562 435 1582 ,
457 1547 503 1578 tum
514 1534 567 1578 vites
577 1550 651 1579 omnes
660 1532 713 1586 suas,

135 1614 188 1660 quas
198 1597 274 1644 habere
284 1596 303 1643 se
314 1612 385 1660 putat,
399 1597 517 1643 auctoritati
532 1598 664 1644 revelationis
674 1615 713 1664 ceu

132 1662 252 1710 sacrificium
264 1663 349 1713 offerre,
361 1678 408 1709 turn
426 1678 501 1708 omnes
512 1660 655 1714 difficultates,
665 1682 712 1727 quae

131 1727 187 1775 sorte
202 1728 332 1776 oboriuntur
345 1725 481 1790 scrupulosus
496 1731 597 1780 rimanti,
614 1745 712 1793 quasque

132 1793 497 1860 solveteipsanudanescinabjicere:
507 1793 711 1846 inservittamenilla,

132 1861 710 1923 uridiximus,utverosS.ScripturaesensusPatrumque

132 1928 223 1976 Ecclefiae
234 1942 328 1974 mentem
340 1926 439 1987 explicet,
450 1942 517 1988 utque
526 1944 552 1972 ex
563 1926 651 1973 articulis
661 1925 710 1973 fidei

133 1994 285 2056 consequentiae
293 1994 437 2041 deducantur,
448 1989 489 2037 five
497 2010 522 2037 cx
534 1990 618 2038 duabus
630 2008 710 2054 propo-

131 2058 242 2106 firionibus
256 2058 364 2108 revelatis,
375 2073 465 2119 quarum
480 2060 635 2103 connexionem
645 2059 710 2108 videt,

127 2120 711 2189 justamseceritcollestionem,etiamsrvcrr'tatemipsam

132 2189 181 2235 alias
189 2189 229 2251 ipsa
237 2207 273 2253 per
282 2189 300 2236 se
311 2207 356 2236 non
369 2188 552 2255 comprehenda15
567 2186 608 2237 srve
618 2203 654 2235 unt
661 2205 711 2252 pro

131 2252 232 2318 pofitioni
240 2272 276 2320 per
284 2251 435 2308 revelationem
448 2258 536 2320 cognite
546 2256 582 2303 alia
593 2253 694 2321 propos
672 2270 711 2304 no

195 2350 197 2354 ,
637 2336 712 2367 natura
