1495 2681
20 172 21 176 ,
104 119 214 178 χ,Ιζεετιε
229 115 421 174 institurum.
441 110 537 167 canl.
603 125 618 175 7

43 226 110 270 tiones
115 222 246 284 contigerint.
270 220 302 269 Sic
309 233 384 263 omnes
394 216 529 263 revelationes
538 218 564 262 ad
573 220 618 280 duo

43 280 617 350 reserriposlunttempora,uriS.Paulusabiniriosuaead
681 300 682 305 ¹

43 355 128 401 Ebraeos
143 351 239 414 Epistola
258 349 362 398 testatur,
378 349 463 395 dicens:
485 353 555 395 urus
570 348 618 392 olim

43 421 197 468 mustitanum,
213 417 319 479 multisque
324 414 388 460 modis
396 417 472 459 locutus
478 413 574 459 Patribus
576 427 617 475 per

7 509 9 511 >
43 485 151 546 Prophetas
162 500 171 527 :
187 481 211 529 ὅ
219 484 240 527 in
249 483 342 527 extremis
350 479 382 525 his
392 479 539 525 diebuslocutus
547 480 616 539 estno-

43 550 72 596 bis
76 565 114 612 per
124 550 193 596 Filium
198 549 262 609 ficum.
294 543 442 593 Revelationes
450 545 524 606 prioris
534 558 617 607 rempo-

42 616 69 660 ris
79 616 139 677 quod
148 614 265 665 concernit,
281 609 364 658 diversis
375 609 414 658 illa
425 606 569 657 occasionibus
579 612 617 656 Pa-

43 681 148 729 triarchis,
166 672 232 731 Mos,
245 678 354 740 Prophetis
364 674 423 722 saitae
432 676 489 726 sunt,
499 673 541 721 sive
551 676 617 721 DEus

43 742 114 790 visibili
124 744 162 791 illis
169 744 381 806 *adparueritspecim
402 739 444 789 live
454 740 510 788 suam
520 739 560 787 illis
575 756 617 787 vo-

43 824 88 854 cem
99 824 134 855 aut
144 810 196 872 ipse,
213 822 249 854 aur
258 822 295 870 per
301 807 393 868 Angelos
399 806 565 856 manifestaverit,
573 804 616 853 five

43 871 86 917 illas
91 876 147 918 intus
160 873 291 935 inspiraverit.
327 875 355 916 Ar
368 871 464 918 revelatio
475 872 576 934 posterior
585 870 615 917 se·
628 903 630 905 -

43 936 117 992 mel&
128 937 170 983 uni
180 936 260 999 operi,
277 952 314 997 per
331 937 463 999 unigenitum
472 937 546 983 Filium
551 936 616 997 *suunt

42 998 95 1047 sassa
104 999 149 1047 suit.
181 1004 262 1048 Priores
272 1013 330 1046 erant
340 998 480 1063 imperseslae3
496 998 616 1063 multaipfis

42 1067 126 1112 deerant
136 1084 145 1128 3
161 1082 199 1112 nec
208 1064 246 1111 nist
255 1068 332 1129 exiguo
340 1069 451 1113 veritatum
460 1082 552 1113 numero
563 1081 618 1112 con-

41 1130 137 1177 stabant:
153 1134 232 1194 quippe
242 1131 316 1177 harum
324 1147 370 1193 pars
383 1148 459 1194 magna
473 1130 552 1180 Meffiae
564 1146 619 1178 tetu-

42 1195 131 1259 poribus
142 1196 286 1243 reservabatur.
306 1200 345 1243 ‘At
359 1197 461 1258 posterior
475 1196 579 1259 completa
588 1195 619 1243 est

43 1276 109 1324 atque
120 1260 225 1324 perfetta,
242 1260 293 1307 nihil
300 1259 336 1324 ipfi
345 1261 424 1314 deficit,
435 1263 486 1309 nihil
491 1276 615 1327 preteream
641 1290 643 1293 .

43 1327 131 1389 amplius
139 1330 160 1372 in
168 1327 209 1373 hoc
219 1329 301 1373 mundo
311 1327 445 1391 sperandum,
460 1327 536 1390 iplaesl
547 1324 617 1390 perse·

44 1393 111 1443 etio,
131 1409 155 1438 ac
170 1392 319 1438 revelationum
336 1391 389 1438 finis.
427 1394 483 1439 Sicut
505 1391 538 1439 illa
563 1389 617 1438 nihil

42 1459 145 1503 haetenus
170 1455 243 1502 habuit
264 1457 302 1503 sui
329 1454 394 1503 fimile
414 1487 422 1510 ‚
456 1461 483 1504 ita
514 1455 617 1524 ejusmodi

43 1522 96 1568 nihil
106 1521 194 1584 amplius
211 1520 295 1568 habebit
307 1522 389 1582 postea,
404 1524 522 1585 &quidem
534 1520 619 1568 durabit

41 1586 75 1633 illa
82 1586 178 1633 adfinem
189 1588 253 1650 usque
263 1585 378 1633 seculorum
389 1590 515 1650 incorrupta.
531 1588 619 1638 Omnia,

44 1669 92 1715 quae
104 1656 167 1698 DEus
176 1671 201 1698 ex
211 1655 304 1715 antiquis
316 1652 354 1698 illis
363 1653 524 1700 revelationibus
537 1655 563 1699 ad
575 1669 618 1698 no·

42 1717 156 1779 ,littusque
172 1732 268 1781 tempora
282 1716 380 1781 superesse
394 1718 461 1764 voluit
469 1748 476 1771 ,
494 1724 516 1765 &
526 1734 618 1781 quaeque

43 1783 221 1829 hominibusante
228 1784 305 1846 JEsum
316 1783 423 1831 Christum
431 1786 548 1834 innotuere,
559 1799 618 1829 com·

44 1846 143 1910 prehensa
157 1847 204 1894 sunt
222 1852 243 1894 in
262 1849 371 1895 volumine
387 1852 465 1896 Veteris
481 1848 619 1895 Testamenti.

43 1912 113 1959 Moses
124 1916 202 1977 primus
212 1917 310 1960 omnium
319 1913 394 1977 sctipfir
402 1932 427 1962 ex
435 1913 498 1977 ipsius
505 1916 552 1959 DEI
558 1929 621 1960 mau-

44 1980 93 2025 dato
104 1995 148 2025 non
160 1978 239 2032 solum,
249 1996 295 2042 quae
306 1982 389 2042 accepit,
402 1982 450 2044 legis
460 1994 575 2042 praceptag
586 1977 621 2026 secl

46 2046 108 2090 etiarn
119 2044 224 2090 historiam
236 2047 343 2091 creationis
354 2047 427 2091 mundi
432 2075 438 2097 ,
451 2060 496 2091 tum
508 2041 621 2109 precipuas

45 2109 199 2162 revolutiones,
215 2127 262 2174 qua
270 2113 290 2156 in
298 2110 359 2158 Orbe
369 2125 470 2172 terrarum
479 2110 529 2156 inde
537 2109 622 2157 abillius

45 2188 93 2219 ortu
108 2178 254 2239 contigerant3
270 2193 293 2223 ac
308 2190 400 2239 praterea
409 2174 559 2227 revelationes,
569 2190 624 2239 quas

46 2241 107 2285 lolius
123 2241 245 2287 hominibus
262 2257 311 2287 ante
325 2242 380 2287 suant
397 2255 478 2294 πιᾶναι
502 2240 638 2291 insinuavit,-

44 2303 134 2352 fideliter
147 2303 276 2372 confignavit
286 2306 354 2354 literis.
588 2304 625 2353 Ab
