1495 2681
141 123 158 165 2
198 99 474 167 Muruouussruoit
488 109 661 166 Tutoronror

143 234 185 266 ma.
234 223 302 267 Datut
312 237 383 268 autem
398 227 420 268 dc
433 221 472 268 alia
484 224 593 268 veritatum
604 219 685 281 species,
694 220 720 263 de

145 283 225 349 quibus
233 284 296 331 nobis
306 301 432 350 conceptum
448 288 536 334 formare
545 286 600 332 haud
612 298 719 347 quaquam

144 349 720 414 pollumus,quaequesolamaufiloritatem,cuiinnitun-

144 430 196 468 tur,
213 414 307 472 habent„
322 419 356 462 cui
365 419 435 463 omnis
445 416 560 476 intelledlus
571 414 634 461 nostri
643 427 719 477 poten·

145 483 174 527 tia
187 477 248 526 fasces
264 478 385 528 submittere
400 483 488 543 cogitur.
535 484 658 543 Priusquam
667 495 718 527 veto

144 545 195 608 liuic
205 560 246 591 tros
259 547 375 591 austeritati
388 544 529 608 subjiciamus,
544 545 622 592 neceffe
633 545 677 598 est,
694 558 718 590 ut

144 609 304 660 tationinosttae
312 609 481 675 persuafiffimum.
490 609 525 663 fit,
534 608 572 656 ell‘e
583 611 636 657 hanc
645 611 718 657 andlo-

144 679 227 722 tiratem
237 673 374 723 infallibilem,
391 689 457 736 utque
468 690 524 720 extra
533 674 717 722 dubitationisaless

145 756 180 785 am
187 741 239 785 ratio
248 738 323 784 habeat
335 735 437 801 positum,
448 739 554 785 doetrinas
559 740 602 785 illas
613 738 654 785 five
660 743 717 785 axio·

144 819 201 850 mata
215 803 279 849 nobis
294 806 379 857 tradita,
394 804 512 851 audlorirati
528 805 576 850 huic
591 804 663 850 reverti
678 805 717 853 elle

126 891 131 902 ·
143 867 284 931 superstrudla.
297 872 357 916 Adeo
362 869 404 915 haec
414 872 436 914 in
446 869 586 915 veritatislute
596 868 716 922 enitescunt,

143 948 167 981 ut
177 933 342 998 quanticunque
361 934 464 981 santtitate
475 935 528 997 Jlisu
537 934 612 984 Christi
622 935 716 981 dudltina

143 999 250 1062 polleret,
261 998 303 1061 lple
315 1016 384 1046 tamen
393 998 452 1046 fateri
461 999 529 1046 nullus
545 999 661 1049 dubitaret,
677 1003 717 1064 Ju-

145 1066 201 1111 daeos
211 1080 256 1110 non
267 1067 341 1115 teneri,
349 1064 412 1111 fidem
421 1080 445 1111 ut
454 1062 491 1111 fibi
501 1063 602 1116 habeant,
617 1063 654 1110 nifi
661 1066 719 1121 tellis

144 1131 220 1175 monio
230 1126 302 1181 Mofis‚
309 1144 354 1175 tum
365 1130 485 1176 allionibus
493 1132 671 1183 extraordinariis,
679 1133 716 1189 „in-

143 1194 285 1256 dubitatisque
296 1195 399 1241 miraculis
409 1213 433 1241 ea
444 1195 490 1242 ellet
502 1195 629 1243 confirmata.
648 1199 685 1259 Jo.
690 1201 715 1243 V.

142 1277 162 1307 v.
174 1274 210 1315 31.
224 1266 259 1315 36.
273 1272 352 1321 3943.
369 1264 416 1307 XV.
435 1278 454 1308 v.
466 1275 513 1322 24..
535 1264 649 1324 Eaproptet
668 1264 714 1308 duae

142 1326 714 1391 suntveritates‚ejusdemcertitudinisacevidentiae,ve-

125 1450 127 1453 Ι
142 1408 167 1438 rae
178 1390 272 1455 religioni
287 1389 455 1438 fundamentum.
495 1395 577 1439 Harum
599 1394 664 1454 prima
678 1392 713 1446 est,

123 1461 125 1465 '
142 1458 203 1520 quod
214 1453 261 1502 cum
274 1459 345 1504 nlius
355 1458 441 1504 inlinitae
449 1455 473 1503 stt
484 1460 634 1522 magnitudinis
645 1475 669 1511 ac
674 1474 713 1520 po·

141 1524 222 1574 tentiae,
231 1524 354 1585 magnitudo
361 1526 408 1589 Ejus
418 1538 480 1586 atque
491 1526 584 1586 potentia
593 1525 618 1568 ad
629 1525 714 1570 tationis

140 1587 213 1634 nollrae
230 1585 317 1634 infirmae
341 1592 437 1635 trutinam
453 1605 498 1634 non
514 1587 589 1634 debeat
605 1589 714 1654 dijudicari.

138 1654 246 1705 Secunda,
257 1655 317 1715 quod
331 1670 402 1713 praeter
416 1656 492 1700 DEum
507 1669 572 1699 nemo
583 1652 617 1706 fit,
628 1656 664 1716 qui
675 1663 714 1702 nec

139 1716 208 1765 fallere
217 1718 250 1765 ‘vel
259 1717 300 1764 salli
311 1717 356 1764 sciat
366 1749 373 1772 ,
389 1724 411 1766 δι
421 1720 480 1781 quod
491 1734 529 1781 per
541 1720 670 1782 consequens
679 1719 713 1767 ille

139 1781 240 1835 inlusit,
257 1785 289 1830 cui
299 1783 456 1838 intebusnobis
469 1783 713 1847 incomprehenfibilibus

73 1859 75 1862 ⁴
138 1847 221 1913 plenam
231 1848 295 1895 fidem
310 1849 387 1898 habere
396 1851 516 1910 debeamus.
533 1850 652 1913 Theologia
663 1853 711 1911 qui-

139 1916 187 1961 dem
198 1915 297 1962 naturalis
307 1923 346 1979 'per
362 1920 461 1979 principia
469 1918 542 1961 rationi
556 1916 630 1961 nostrae
645 1914 712 1976 inlita,

139 1981 265 2028 existentiam
276 1984 346 2035 unius,
354 1981 415 2029 lolius
425 2014 432 2034 ‚
446 1998 509 2044 arque
516 1983 559 2027 veri
569 1983 615 2026 DEI
625 1983 710 2027 nosdo-

15 2047 16 2050 ’
64 2101 66 2103 ,
137 2062 183 2099 cet,
199 2049 334 2111 eundemque
349 2045 388 2095 elle
401 2051 588 2111 omnipotentem,
604 2044 710 2095 inlinitum

138 2111 177 2159 luis
189 2111 370 2174 perstfflonibus,
384 2115 508 2177 cultumque
522 2111 559 2174 ipsi
573 2109 709 2160 deserendum

136 2180 234 2241 praecipit.
265 2182 292 2226 At
301 2184 351 2226 veto'
364 2180 482 2243 Theologia
492 2177 648 2240 supernaturalis
657 2179 710 2225 ulte.

120 2254 122 2256 “
135 2246 179 2292 tius
188 2245 482 2312 progreditur,magnumque
491 2258 531 2292 uos
536 2250 650 2292 numerum
658 2248 709 2292 edo.

366 2325 368 2328 ’
677 2326 709 2360 cet
