1495 2681
127 96 163 173 42
200 103 367 169 Mtrnonus
385 107 483 165 Srunu
501 108 644 167 Turocoe.

125 246 137 269 u
150 235 208 272 nam,
216 223 496 285 qnaeSacrarunnLiterarunt
507 219 648 269 fundamentis
656 231 708 264 con-

95 339 98 345 ,
125 316 140 341 „
151 284 222 335 stituta
232 283 263 334 fit.
297 288 328 333 Ex
339 302 384 351 quo
394 288 416 338 id
428 284 528 340 efficitur,
539 285 599 351 qnod
609 299 650 348 ego
661 296 708 327 ma-

124 381 140 409 „
149 368 196 418 gno
204 366 252 400 cum
263 349 340 399 allensu
351 356 450 401 omnium
464 354 530 401 dicere
540 368 574 400 me
582 352 656 403 video,
667 348 708 392 mi·

126 441 139 465 s,
151 419 214 464 letam
223 415 261 463 else
269 415 485 469 Scholaedottnnam
497 434 544 482 qnae
555 417 574 465 se
586 414 649 464 titulis
660 428 706 459 ma-

125 505 138 529 „
148 481 223 547 gillotii
239 480 353 530 delendatr
371 484 468 530 miletam
481 487 561 534 etiam,
577 497 641 545 atque
650 479 706 525 haud

124 571 137 593 s,
149 548 190 593 scio
205 563 233 593 an
249 547 319 594 multo
335 549 402 611 tnagis
411 575 418 599 ,
434 562 481 610 quae
499 548 590 595 detradla
600 549 707 608 Scripturae

124 637 137 659 a»
145 614 210 660 Sacrae
221 613 345 660 austorirate
356 610 477 675 syllogismis
495 613 596 660 contortis
608 609 706 658 derebus

124 701 137 724 o
147 679 223 725 divinis
233 677 397 739 philosophatur.
430 680 501 724 lmmo
512 695 540 724 ne
550 679 576 725 de
585 676 706 723 tebusdivi-

124 765 137 789 o
146 745 190 794 nis,
207 743 241 788 led
250 757 289 787 nec
298 742 325 787 de
334 741 445 794 humanis,
457 757 530 788 vetum
540 744 566 789 de
576 741 706 804 rubumque

122 831 135 853 »2
145 806 196 852 nihil
207 808 233 853 ad
242 822 284 853 nos
296 808 394 853 attinent.v
421 806 515 871 intelligo
531 822 601 853 autem
611 804 670 852 suill'e
681 807 705 852 in

121 894 135 917 o
146 869 216 918 schola
232 872 337 935 quosdam
349 872 473 936 Theologos
494 873 648 934 adscriptitios,
666 872 705 932 qui

122 965 137 990 „
147 936 253 984 universas
269 937 395 1000 questiones
408 938 535 1002 theologicas
549 936 629 983 frivolis
642 950 705 1001 argu·

122 1030 139 1054 „
148 1004 226 1049 mentis
241 1001 384 1053 absolverint,
400 1008 423 1050 δε
443 1006 501 1051 vanis
519 1003 659 1065 invalidisque
671 1017 705 1047 ra·

122 1089 136 1113 2>
147 1066 245 1114 riunculis
257 1083 359 1129 magnum
370 1069 454 1129 pondus
464 1068 527 1115 rebus
538 1066 659 1132 graviffimis
667 1068 704 1111 de·

121 1162 137 1185 ,‚
147 1133 263 1182 trahentes,
273 1132 374 1178 ediderint
384 1135 406 1178 in
416 1133 557 1198 Theologiam
571 1147 704 1180 commenta.

120 1225 135 1248 „
145 1199 191 1247 ria,
206 1198 240 1243 vix
257 1197 320 1259 digna
334 1196 481 1245 lucubratione
498 1198 635 1246 anicularum.
677 1200 704 1244 Et

119 1291 135 1315 2,
145 1277 192 1310 cum
201 1261 374 1308 hisinSacrorum
380 1261 498 1311 Bibliotum
505 1264 623 1311 testimonia
630 1261 703 1308 cariffi-

120 1349 133 1372 »
144 1344 179 1373 ma
185 1325 231 1376 sint,
237 1326 376 1373 conciliorum
385 1331 467 1375 mentio
475 1329 544 1380 nulla,
556 1329 637 1375 nihilex
649 1328 715 1372 anri-‘³

119 1421 135 1445 „
145 1395 209 1455 tiquis
220 1390 294 1438 ianuis
301 1391 389 1444 oleant,
405 1393 494 1440 nihilne
505 1411 531 1440 ex
540 1395 598 1458 gravi
610 1391 702 1456 philolo·
734 1391 736 1393 ’

119 1486 135 1510 „
144 1458 193 1521 piria
202 1456 341 1520 quidem,led
347 1456 390 1504 sere
395 1458 509 1521 puerilibus
520 1459 637 1522 disciplinis,
642 1458 702 1503 schoa

120 1551 135 1576 „
143 1522 204 1569 lastici
212 1536 296 1573 tamen,
311 1520 412 1585 filuperis
421 1522 497 1586 placet,
508 1517 616 1587 Theologi
626 1538 703 1569 vocan-
725 1559 726 1562 η

120 1616 136 1642 ,,
146 1602 197 1638 tur,
213 1602 253 1633 nec
263 1586 374 1632 scholastici
386 1587 443 1638 lunt,
456 1589 535 1635 nedum
542 1589 657 1651 Theologi,
665 1589 702 1650 qui

118 1675 131 1699 »a
140 1651 294 1715 sophismatum
304 1649 362 1698 saeces
371 1654 393 1698 in
406 1651 497 1699 scholam
507 1650 632 1704 inserentes,
644 1658 666 1699 dc
674 1653 700 1699 ad

117 1716 204 1770 „cilum
221 1720 279 1763 vitos
294 1718 371 1764 dodioe
381 1719 484 1767 incitant,
500 1723 523 1765 &
538 1719 664 1766 delicatiores
676 1719 704 1764 ad

117 1813 132 1836 „
144 1797 284 1830 contemtum.
318 1784 391 1846 Qm
407 1799 459 1830 vero
474 1782 608 1848 intelligimus
621 1781 703 1829 schola-

118 1850 217 1903 „sticum
229 1846 391 1910 Theologum?
413 1864 449 1894 aut
460 1850 500 1895 hoc
512 1850 614 1899 verbum,
626 1851 701 1911 inquo

118 1943 133 1968 „
145 1915 233 1961 homine
240 1913 366 1977 ponimus?
382 1916 495 1976 Opinorin
507 1932 546 1965 eo,
564 1915 701 1976 quideDEO

118 2007 134 2033 „
145 1978 252 2042 rebusque
265 1979 341 2025 divinis
349 1977 411 2040 apri,
423 1980 546 2041 prudenter,
557 1980 621 2026 docte
632 1978 644 2024 ὲ
656 1978 702 2025 lite·

117 2073 132 2095 „
141 2047 168 2091 ris
178 2046 320 2106 institutisque
331 2044 388 2090 sacris
403 2047 544 2091 ratiocinetur.
584 2044 655 2111 Qsd
665 2041 701 2090 etsr

118 2138 133 2160 2,
144 2112 173 2155 ita
183 2108 221 2155 else
231 2109 325 2171 pluribus
335 2107 404 2156 verbis
421 2108 492 2171 postca
509 2108 648 2156 differendum
658 2108 702 2159 est,

118 2203 133 2226 „
145 2173 196 2221 illud
211 2188 280 2221 tamen
294 2190 352 2222 nunc
365 2172 430 2232 b'pevi
440 2172 585 2222 confitendum
602 2175 647 2225 cst,
664 2171 701 2220 nisr

118 2269 132 2292 ,,
142 2241 182 2304 qui
190 2242 208 2287 is
216 2237 247 2294 fit,
255 2239 293 2288 offis
301 2239 441 2307 Theologum
453 2243 569 2291 neminem.
600 2240 699 2302 intelligo
731 2235 733 2240 '

612 2320 701 2363 „ellam
