1495 2681
63 88 64 92 ’
129 65 552 170 Rretrlnsnrurnnr.cn.11.
593 99 626 161 ις

54 205 182 265 Linguarum
192 197 268 241 notitia
276 224 284 246 ,
302 193 428 251 Dialesiica,
437 192 571 257 Eloquentia,
581 193 628 239 Phi·

54 266 190 330 losophorum
201 260 312 306 aurnuns
316 289 324 311 ,
333 257 436 310 Historia,
449 263 473 312 δέ
481 275 528 322 quae
539 256 632 312 suntsrlia-

53 331 190 396 profanarum
200 327 332 388 Scientiarum
340 338 429 388 genera,
438 327 545 389 egregium
554 324 630 369 Theo·

53 400 111 462 logie
126 389 220 440 studiofis
233 387 344 437 subfidium
361 387 414 436 serre
426 389 530 452 poffunr3
546 388 580 436 sed
590 404 629 434 eo-

53 479 102 510 rum
112 460 158 507 usus
167 455 247 504 sobrius
258 472 281 502 ac
291 454 398 502 modestus
415 454 453 501 elle
463 455 531 508 debet,
536 456 557 503 id
568 451 629 519 quod
672 479 673 482 =

51 531 74 576 in
84 521 218 591 sequentibus
230 519 296 569 fufius
311 519 382 569 sumus
396 520 521 584 explicaturi.
533 545 536 550 ·

237 731 372 801 Gneur
402 727 449 798 ll.

52 835 174 913 Diverfie
188 856 229 897 rer
250 832 409 917 Theologicm
426 832 563 894 transiendi
575 853 626 909 mef

59 920 60 923 ’
114 915 182 969 rhodi.
203 931 205 933 ’
220 916 335 985 Drstinc‘iio
346 920 408 968 inter
420 917 446 964 T
440 915 563 985 heologiam

193 991 315 1062 positivam
332 1001 400 1061 atque
414 986 481 1041 Scho-

101 1076 103 1078 ’
285 1063 391 1134 saffiram.

28 1211 31 1213 -
51 1188 123 1322 V
128 1182 166 1228 Era
177 1180 628 1246 hasienusexplicavimus,confirmavimus·

143 1264 185 1311 que
192 1249 305 1309 principia,
321 1247 399 1310 quibus
414 1247 499 1311 Religio
508 1247 627 1294 'Christiane

143 1314 248 1362 innititur,
258 1330 393 1375 quorumque
398 1315 491 1377 cognitio
497 1314 625 1375 praecipuum

51 1375 291 1443 Theologiaeobjesium
302 1377 391 1424 conficit.
422 1378 458 1424 Illa
468 1378 486 1422 se
496 1374 590 1422 reserunt
599 1376 626 1420 ad

51 1442 174 1504 Scriptutam
182 1443 201 1487 S.
212 1446 234 1488 &
243 1443 399 1493 Traditionem,
415 1445 474 1506 quod
484 1441 578 1487 unctum
589 1442 627 1487 de·

52 1504 143 1571 pofirunr
154 1506 217 1553 servat
227 1506 319 1553 Ecclefia.
350 1510 423 1554 Sermo
434 1506 495 1553 nobis
506 1509 527 1552 in
540 1505 627 1568 praesen-

52 1574 127 1622 riarum
139 1569 242 1616 uerendus
252 1571 281 1617 cst
291 1573 317 1618 de
332 1570 414 1618 diversis
422 1573 538 1621 methodis,
555 1569 627 1616 secun·

52 1638 104 1682 ilum
116 1652 169 1699 quas
176 1635 272 1682 'tractatio
282 1638 308 1683 de
315 1637 429 1702 ‘Religione
439 1638 530 1683 inslituta
539 1633 627 1681 subinde

52 1699 92 1748 suit
102 1718 108 1745 τ
125 1717 149 1746 ur
158 1706 180 1747 Sc
189 1702 214 1746 de
224 1702 365 1754 adminiculis,
381 1720 427 1766 qun
439 1699 568 1766 petipoffuut
577 1696 626 1746 esi·

52 1765 162 1812 cultoribus
170 1764 212 1812 five
224 1765 308 1820 scientiis
320 1771 431 1832 peregrinis
449 1786 466 1815 e.
478 1785 498 1831 g.
510 1768 522 1812 ὲ
536 1766 582 1811 sana
594 1781 627 1811 ra⁴

52 1834 123 1882 tione,
140 1847 166 1877 ex
177 1831 316 1894 Philosophia,
327 1850 353 1879 ex
364 1833 499 1898 Eloquentia,
515 1831 625 1877 &scientia

52 1896 187 1961 linguarum,
193 1913 219 1942 ex
232 1897 333 1948 Historia,
345 1916 371 1945 ex
380 1902 432 1962 Jute
442 1895 517 1945 Civili:
533 1896 627 1957 denique

51 1962 78 2007 de
100 1960 137 2007 usu
163 1961 240 2008 horum
262 1965 360 2010 omnium
386 1967 408 2010 in
429 1960 547 2024 Theologia
566 1962 626 2008 adhi-

48 2025 127 2073 bendo.

51 2150 53 2155 Α
114 2092 195 2139 Modus
215 2091 348 2157 Religionem
366 2090 522 2142 Christianam,
538 2092 626 2156 ejusque

48 2155 145 2216 Mysteria
154 2158 266 2210 tradendi,
280 2176 326 2205 non
334 2158 425 2224 ejusdem
436 2156 516 2219 semper
524 2154 597 2203 sormae
603 2161 626 2202 in

47 2219 132 2269 Ecclesia
141 2221 193 2277 suit,
200 2221 234 2271 sed
242 2239 278 2272 aut
286 2227 326 2289 pro
336 2220 449 2273 diversitate
459 2225 560 2287 temporis
566 2224 625 2333 igen-

231 2298 232 2302 ’
268 2298 270 2301 ’
324 2309 326 2313 ’
559 2290 574 2334 ri
590 2302 625 2334 em
