1495 2681
124 112 178 176 278
215 108 638 167 Mssnosusmusnimosoe.

195 217 406 273 QudSanslionem
418 218 569 280 pragmaticam
579 230 643 278 atque
648 204 709 263 Conss

128 280 712 346 cordatumattinet,(challiRegumluorumcumRo-

128 342 709 410 manisPontificibuscircabonaEccleliasticaduopadia

129 415 180 460 inita
188 412 283 471 vocant)
295 429 365 461 textus
378 430 442 477 atque
449 415 476 460 ad
489 428 538 459 eum
544 427 599 458 nuta
606 415 709 460 Guimieti

128 494 222 525 accutate
235 477 318 540 legendi
329 478 377 527 sunt
389 512 396 532 ‚
412 481 497 542 reliquis
508 478 569 525 vallis
578 493 710 527 commenta-

127 546 161 599 riis
166 573 174 595 ‚
185 543 196 588 ὲ
206 542 301 605 pluribus
311 544 364 591 batte
380 548 402 591 in
412 544 537 601 remedius,
548 544 632 591 volante
637 543 706 592 saltem

128 608 197 655 oculo¹
205 607 345 670 perlustratis:
362 612 456 671 denique
462 611 519 655 rcirca
533 610 660 672 disciplinam
668 613 707 658 Ec-

126 672 255 728 clefiaslicam
266 676 288 718 iu
294 672 360 720 Gallia
371 671 465 719 ufitatam
474 677 575 735 Bosqueti
585 679 707 723 decretalis·
738 681 741 689 ’

126 737 190 787 clefiae
201 739 327 790 Gallicana,
347 752 412 801 atque
422 737 573 784 bibliothecam
586 745 707 790 eanonicam

126 803 233 867 sommas,
245 804 278 850 sed
289 806 328 855 ita,
339 820 367 849 ne
382 803 462 865 semper
471 802 631 865 allegationibus
641 802 706 871 atque

125 867 266 916 decifionibus
275 885 352 915 eorum
362 868 426 916 fidem
436 866 519 915 habeas.
560 907 561 910 ,

334 999 502 1093 Epilogus

169 1127 213 1171 litis
225 1128 271 1192 jam
290 1128 376 1171 conatui
392 1139 459 1188 atque
475 1125 513 1171 fini
525 1123 599 1171 nostro
607 1126 629 1171 in
641 1103 706 1188 opere

184 1192 227 1236 hoc
238 1188 301 1236 nobis
317 1189 427 1252 proposito
439 1189 505 1237 secisse
516 1192 625 1242 videmur,
647 1191 705 1254 post·
732 1223 733 1226 =

184 1273 250 1319 quam
268 1255 329 1301 studii
341 1256 468 1319 Theologici
483 1256 650 1320 sciagraphiam„
660 1273 706 1310 me-

123 1320 215 1367 thodum
226 1323 249 1367 in
266 1338 291 1377 ea
302 1322 435 1373 tenendam,
451 1323 586 1383 modumque
601 1321 664 1368 literis
672 1325 706 1367 in·

124 1386 241 1433 cumbendi
251 1386 381 1434 ostendimus
393 1404 398 1431 :
414 1387 511 1433 dedimus
521 1402 621 1448 operam,
633 1388 705 1433 utstu-

121 1452 155 1498 dia
172 1455 197 1498 ad
212 1452 338 1516 Theologiae
358 1452 465 1499 cultorum
481 1454 587 1517 genium,
603 1454 705 1499 intentio-

120 1534 184 1569 nem,
201 1515 273 1568 officia
290 1533 354 1580 atque
376 1517 463 1580 scopum
482 1519 704 1572 accommodaremus:

119 1581 186 1631 libros
197 1614 204 1636 ‚
222 1600 278 1645 quos
290 1582 399 1632 evolvere,
410 1583 513 1633 modum,
523 1599 589 1645 quem
598 1585 620 1627 in
633 1583 705 1629 studiis

120 1662 206 1699 tenere,
216 1648 293 1709 syrtes,
303 1664 355 1711 quas
365 1649 559 1710 evitate,principia
572 1651 704 1709 atqueaxio-

121 1730 189 1766 mata,
200 1731 247 1776 quae
258 1712 367 1760 observare
379 1712 484 1759 debeant:
501 1714 552 1759 item
568 1715 658 1776 quinam
666 1715 703 1760 ha-

120 1780 177 1826 bitus
194 1796 218 1826 ac
236 1777 375 1842 dispofitionis
392 1779 471 1824 modus
488 1778 521 1823 bic
536 1777 664 1840 requiratur,
680 1786 703 1837 δε

121 1862 163 1908 qua
170 1847 251 1892 ratione
261 1845 290 1892 illi
302 1845 368 1891 studia
379 1861 429 1891 eum
439 1842 462 1889 in
469 1843 544 1890 statum
559 1844 638 1907 polsmt
654 1846 703 1892 diri·

121 1927 183 1974 gere,
194 1928 240 1973 quo
256 1908 347 1957 Ecclefiae
362 1915 385 1957 δέ
397 1912 508 1958 communi
520 1911 591 1955 Pattiae
607 1911 703 1974 aliquan-

121 1980 151 2023 do
161 1977 258 2023 inservire
273 1978 311 2022 tite
327 1975 416 2023 valeant.
464 1979 488 2021 ln
500 1974 532 2021 bis
548 1985 595 2038 quae
610 1978 703 2024 diximus

122 2042 241 2095 omnibus,
258 2040 330 2089 sedulo
351 2042 415 2089 nobis
430 2043 540 2095 cavimus,
556 2040 584 2088 ne
599 2044 621 2088 iu
640 2042 703 2089 ullius

121 2111 194 2169 privati
211 2122 277 2171 partes
292 2114 314 2154 δε
331 2109 441 2155 sententias
457 2110 547 2166 iremus,
562 2122 590 2153 ne
600 2106 702 2172 sigillatim

108 2162 224 2241 ‘cujusque
234 2176 261 2222 ad
277 2177 364 2239 gratiam
373 2173 507 2222 scriberemus
518 2189 523 2239 ς
539 2189 579 2220 nec
594 2192 701 2238 praroccu·
712 2203 714 2205 -

631 2254 708 2304 patior·
743 2275 746 2291 t
