1495 2681
87 84 379 181 urentium-mmm
393 119 458 174 Car.
471 86 517 173 lV.
556 125 599 190 ες.
628 157 635 163 ,.

34 205 594 226 .....----------—--—--

23 237 134 285 sareancut,
144 237 245 300 ejusmodi
254 233 361 279 sententias
374 248 419 276 non
433 228 471 275 uisi
480 234 591 292 opiniones
596 268 601 275 „

22 302 179 366 problematicas
194 297 244 349 else,
257 296 373 343 concedant
383 298 445 341 etiam
458 296 536 341 necelle
552 294 592 344 est,

22 368 148 416 contrarium
159 363 239 426 absque
249 364 323 408 erroris
336 362 421 407 crimine
434 358 518 406 delendi
529 356 597 421 pollo
662 369 677 413 s

21 435 81 479 Idem
92 446 181 493 quoque
192 428 375 490 pronunciandum
390 428 416 471 de
431 423 600 488 quaestionibus,v
639 474 641 476 ,

22 515 69 561 quae
83 512 152 557 neque
160 495 226 539 Sacrae
238 495 364 555 Scripturae,
382 500 453 553 neque
464 490 598 542 Traditionis¹

20 563 142 608 tell'imoniis
156 558 240 604 fundari
254 556 341 621 possunt.
356 595 358 597 .
375 558 465 602 Evidens
476 556 504 601 eli
512 557 592 621 „ejur-

21 629 81 672 modi
91 625 213 688 quaestiones
223 624 249 670 ad
262 622 415 685 philosophiam
426 623 509 684 magis,
525 635 591 682 quam

20 691 47 734 ad
58 689 185 752 theologiam
197 692 310 750 pertinere,
325 686 449 748 nullamque
466 703 492 731 ex
503 682 601 731 elafium,

20 758 126 801 veritatem
139 752 222 799 formari
238 752 307 815 polle,
319 754 369 813 quia
382 751 444 799 Sacra
456 751 591 812 Scriptum&

19 817 113 879 Traditio
125 818 166 864 sola
176 818 222 864 sunt
230 818 342 879 principia,
349 815 534 877 ‘quibus-veritates
543 813 598 865 illaes

18 879 65 925 sunt
76 881 208 927 confirmare.
240 910 255 933 ‚‚
265 882 287 926 ld
296 895 347 941 ergo
356 881 485 936 tenendum,
496 882 566 939 inquit
574 908 591 931 ‚,

17 943 182 995 Melcb.Caous,
196 944 303 1008 suprajarn
314 940 397 987 anobis
407 942 513 991 laudatus,
524 942 568 987 Lib.
576 950 602 993 'ot

17 1004 75 1054 vus.
82 1025 98 1053 c.
105 1022 125 1067 5.
132 1008 172 1056 loc.
180 1007 245 1054 theol.
251 1006 375 1054 scholasticas
386 1008 569 1069 opinionesopor·
579 1033 595 1055 ‚‚
663 1039 665 1041 -

17 1085 60 1117 tere
79 1072 91 1117 ὲ
111 1074 196 1118 decretis
220 1072 298 1136 sejungi
308 1065 324 1122 ,¹
337 1070 429 1134 fideique
444 1071 569 1134 questiones
579 1068 617 1121 „⁵
686 1069 687 1072 ’

18 1135 45 1182 ab
56 1138 86 1183 his
96 1167 103 1188 ‚
119 1152 165 1199 quae
175 1139 241 1191 modo
252 1138 305 1189 huc,
314 1139 380 1183 modo
390 1134 571 1183 illucrransserun·
578 1164 594 1187 ,‚
616 1148 619 1151 ·

19 1214 69 1251 tur,
86 1206 108 1247 &
121 1199 165 1246 s1ne
180 1203 347 1270 pietatisjai‘iuta
358 1201 440 1265 poliunt
451 1204 473 1246 in
486 1217 566 1247 utram·
576 1229 592 1258 2,

18 1282 61 1327 que
70 1281 149 1328 partem
160 1266 264 1329 disputati.
300 1270 387 1313 Decreta
398 1280 495 1312 veterum
509 1266 565 1312 arere
575 1293 591 1315 ,ι

18 1346 87 1377 tenete
96 1329 210 1384 debemus,
227 1345 361 1394 accurateque
376 1331 505 1381 defendere,
521 1334 567 1392 opi·
574 1359 591 1381 ‚,
602 1372 604 1375 .

18 1398 93 1442 niones
103 1411 147 1442 oon
156 1400 205 1442 item
215 1427 223 1450 ,
233 1396 278 1443 -sed
288 1414 337 1443 cum
353 1399 460 1443 academia
471 1410 507 1443 aut
517 1412 566 1443 cum
577 1425 592 1447 „
651 1400 652 1403 ’

18 1461 129 1507 christiane
145 1462 250 1508 modestiae
262 1477 428 1523 temperamento
439 1467 479 1507 &o
488 1491 504 1513 „

82 1526 103 1571 Si
115 1526 278 1590 Theologorum
291 1526 397 1589 separatim
407 1524 538 1574 scribentium
548 1524 595 1572 sen.

18 1593 98 1642 tenriae,
116 1592 222 1656 cujusdam
238 1592 285 1638 lunt
301 1595 416 1644 momenti,
435 1592 472 1638 illae
484 1590 530 1637 sane
543 1590 592 1653 plu·

18 1659 75 1701 rium
91 1656 256 1719 Theologorum
265 1660 288 1703 in
307 1673 375 1704 unum
387 1658 517 1710 rodentium,
525 1672 591 1703 unam

18 1720 91 1768 scilicet
101 1722 134 1768 vel
149 1721 218 1784 plores
234 1739 267 1770 res
278 1722 406 1788 theologicas
421 1722 502 1770 inrerse
517 1720 592 1770 conse·

20 1790 130 1840 rentium,
145 1787 235 1850 postque
253 1804 355 1837 maturam
373 1789 542 1836 deliberationem
555 1790 592 1851 ju-

21 1854 98 1898 dicium
109 1852 179 1899 deillis
191 1852 305 1900 serentium
319 1854 388 1901 multo
402 1857 484 1922 majoris
493 1854 593 1917 ponderis

20 1922 43 1962 &
53 1919 181 1964 morositatis
192 1919 230 1965 effe
241 1919 330 1969 debent..
372 1923 427 1967 Nam
438 1922 490 1966 dum
506 1920 528 1964 in
540 1935 593 1965 con-

20 1983 218 2051 gregationibusxhis
233 1987 270 2032 viri
284 1986 381 2049 permulti
399 1987 517 2034 eruditione
532 1984 592 2037 clari,

20 2048 116 2112 nullique
127 2053 177 2112 parti
188 2052 279 2104 addicti,
295 2053 383 2099 rationes
393 2052 435 2100 suas
444 2053 470 2098 ad
480 2052 593 2097 invenien-

20 2113 69 2158 dam
89 2118 195 2162 veritatem
210 2119 359 2182 conjungunt,
380 2115 534 2181 propositiones
545 2115 594 2180 iplis

20 2177 100 2227 oblatas
110 2183 171 2227 omni
176 2186 316 2243 accuratione,
329 2182 414 2247 quique
425 2182 468 2231 fieri
474 2184 592 2232 dexteritate

21 2246 108 2310 potest,
126 2246 261 2305 discutiunt,
278 2255 301 2297 &
321 2266 411 2315 quaque
429 2268 455 2297 ex
477 2248 594 2297 abundanti

313 2318 327 2361 F
345 2328 358 2371 3
413 2350 415 2352 >
542 2317 599 2362 anti«
