1495 2681
124 66 228 143 xtenne
244 33 524 119 crismentur.
556 84 632 141 '159

63 146 631 164 W

62 174 88 219 de
100 174 235 235 Grandine&
245 174 342 219 tonitruis
354 172 449 218 adversus
458 190 508 226 eos,
518 173 574 236 quid
583 173 633 239 sagis
700 191 701 196 ¹

60 237 106 283 talia
116 242 212 288 immitti,
225 237 356 298 morbosque
367 240 447 283 excitari
460 238 553 301 maligne
567 256 591 286 ac
600 244 633 294 in.

57 302 107 353 lulle
118 302 229 350 credebant
242 319 247 346 :
263 301 339 348 diversa
350 301 448 364 opuscula
455 306 491 366 Jo.
502 302 598 351 Getsonis
608 310 633 353 &

56 369 110 415 Petri
126 369 153 416 ab
164 368 243 415 Alliaco
257 383 330 415 contra
340 368 480 431 Astrologiam
489 370 617 433 judiciariam
623 400 631 422 ‚

57 437 80 479 &
91 434 244 481 observationes
257 433 419 497 superstitiosas,
434 434 534 493 Sylvestet
544 436 630 482 Prietias

55 499 82 545 de
93 500 209 565 Sortilegis,
218 499 294 561 -Jacobi
304 500 408 563 Springeri
417 504 439 546 δέ
449 501 537 546 Henrici
545 499 630 547 lnstito.

53 567 81 609 tis
108 566 195 612 malleus
222 564 383 615 veneficorum,
413 567 457 611 Pici
484 566 627 621 Mirandulae,

53 628 67 675 l’
74 630 137 694 Elprit
148 629 346 682 Rotierii,&Alexii
352 632 411 683 Porti
420 628 466 677 libri
475 646 548 678 contra
554 631 628 678 Astro-

53 693 272 764 logiamjndiciariam.
293 694 294 697 ’
310 697 417 744 Benedidli
432 698 507 743 Peretii
523 697 570 743 libri
586 712 627 744 tres

54 760 81 804 de
92 764 161 826 Magia
172 778 244 810 contra
254 777 306 810 artes
317 760 373 808 fallas
389 777 453 823 atque
468 761 625 825 superstitiosas,

52 824 173 874 Fillesaccius
196 831 226 874 de·
239 827 355 874 idololatria
370 830 507 888 Magorum,
520 833 541 873 ὃς
550 825 565 872 fi
575 831 624 891 quis

53 889 111 936 velut
123 909 160 955 pet
177 893 322 940 diverticulum
338 892 402 936 animi
412 891 480 957 legere
493 893 544 954 quid
555 892 625 939 bacin

52 960 141 1003 materia‘
147 958 247 1010 voluerit,
257 959 332 1004 Bodini
339 960 541 1003 Daemonomaniam
547 956 627 1003 &Gaf-

51 1019 116 1067 satelli
130 1023 263 1071 Curiofitates
280 1025 349 1072 adeat,
363 1020 398 1068 sed
415 1021 494 1068 nullam
504 1021 551 1084 ipfis
561 1021 626 1070 fidem

51 1087 133 1134 habeat.
150 1129 154 1137 ,.
165 1093 220 1135 lnter
228 1088 366 1135 Protestautes
377 1087 454 1133 consuli
464 1086 549 1150 poliunt
558 1089 627 1135 Nico-

50 1151 96 1199 laus
106 1156 256 1218 Hemtningius
266 1169 337 1200 contra
347 1155 451 1217 magicoS,
460 1159 483 1199 δι
494 1154 624 1202 Theodorus

49 1218 178 1282 Thumnn'us
189 1222 216 1267 de
223 1223 328 1282 impietate
341 1224 473 1282 Magorum,
487 1220 514 1265 de
527 1217 624 1266 facultate

49 1299 120 1329 earum
132 1287 223 1331 nocendi
234 1289 309 1349 exigua
316 1302 328 1335 ‚¹
339 1286 408 1346 deque
418 1299 494 1330 earum*
501 1301 583 1348 poeua5
598 1289 623 1332 &

47 1349 166 1397 Ludovicus
192 1354 301 1398 lavaretus
325 1351 352 1398 de
361 1349 466 1412 Specltis2
482 1363 547 1414 atque
567 1367 622 1414 prae.

47 1411 113 1477 sagiin

115 1481 190 1525 Fatum
209 1493 298 1542 quoque
308 1476 347 1525 ‘seu
363 1477 432 1543 fatales
445 1485 516 1526 'retum
533 1496 623 1530 eventus

46 1541 134 1590 subinde
157 1559 236 1590 veteres
256 1547 278 1590 in
294 1542 333 1589 suis
349 1543 424 1607 scriptis
440 1543 569 1598 refutarunt,
586 1539 621 1595 led

45 1612 107 1670 pauci
116 1605 199 1655 tantum
213 1607 260 1656 libri
269 1611 311 1656 hoc
316 1610 347 1656 de
356 1626 483 1674 argumento
493 1629 520 1658 ex
530 1612 620 1675 professo

44 1671 109 1736 scripti
118 1674 163 1721 sunt
174 1692 192 1721 e.
202 1691 222 1737 g.
236 1677 292 1722 inter.
304 1677 402 1738 antiquos
420 1676 508 1723 Maximi
522 1677 572 1725 libet
591 1679 620 1726 ab

42 1741 137 1803 Origene
148 1746 170 1787 δι
177 1738 265 1794 Eusebio
277 1743 349 1799 citatus
360 1743 455 1803 itemque
462 1744 558 1808 Gregorii
564 1742 618 1804 Nys-

38 1803 81 1850 seni
91 1804 154 1857 libet,
163 1811 184 1852 &
198 1808 252 1852 inter
262 1809 387 1853 recentiores
398 1808 485 1853 Grotius
498 1815 520 1856 &
530 1810 617 1855 Bartho-

70 1869 153 1920 lomeus
168 1869 280 1918 Franckius
295 1872 320 1917 do
337 1869 381 1919 fato
390 1878 412 1919 &
422 1876 458 1934 Jo.
468 1874 584 1925 Schmidius

175 1938 202 1984 de
212 1935 267 1985 fatali
279 1936 401 1999 temporum
416 1954 467 1986 con·
479 1986 480 1989 ,

282 2003 366 2068 ditione
513 2001 516 2006 ’

400 2234 420 2263 ⁹
472 2242 614 2343 Cn'tutf
