1495 2681
40 114 45 122 “
93 103 512 164 Rscrrlnssrcurnn1.Car.IX.
552 119 602 176 133
616 137 629 151 .

24 213 62 258 ubi
72 214 208 259 interdictum
220 211 292 262 suum,
305 228 332 256 ne
347 213 405 256 Sacra
416 213 520 272 Scriptura
531 227 603 258 contra
624 217 625 220 ’

22 282 147 324 unanimem
154 281 240 322 Patrum
251 274 372 322 consensum
384 277 509 338 explicetur,
526 278 552 320 ad
561 293 601 329 res,

21 340 86 389 fidem
93 349 190 390 &mores
197 345 318 394 attinentes,
326 340 337 387 a
349 341 427 404 quibus
436 342 538 386 donnae
547 342 602 387 chri·
660 379 662 382 .

25 407 483 471 stianaeincrementadependent,restringit.
514 406 602 452 Inachus

16 474 70 534 fidei
80 474 105 521 ὅ
111 491 189 520 moriam
199 474 230 519 ad
241 474 387 534 adificationem
402 474 491 518 doctrina
497 478 602 534 pertinen-

12 541 74 588 ,tium
82 556 91 589 ;
107 538 234 603 infimulque
251 539 339 585 declarat
352 568 359 589 ,
380 537 546 601 prohibitionem
560 539 602 583 hu-

16 603 52 667 jus
69 605 172 650 interdicti
190 636 197 655 ,
219 605 249 651 ad
262 604 371 650 cosrcenda
391 618 473 650 tantum
486 605 601 664 petulantia

20 669 116 728 ingenia,
127 670 168 716 hoc
184 670 213 717 est
227 671 252 716 ad
265 670 393 716 coercendos
403 672 425 713 in
443 685 465 714 re
481 666 600 730 theologica

21 737 178 781 novaturientes
197 735 275 781 sactum
285 734 347 793 r'esse3
369 737 391 779 id
407 750 459 779 vero
474 732 600 780 Catholicos

21 794 148 860 Theologos
157 800 245 843 minime
256 801 338 860 tangit,
355 801 393 859 qui
409 799 546 846 scientiarum,
557 797 599 841 lin-

20 873 123 919 guarum,
132 877 197 924 atque
211 864 395 907 ratiocinationum
409 878 451 922 ope
462 858 551 907 difficilis
563 859 599 905 ali-

20 925 78 986 cujus
88 923 129 970 loci
139 926 218 971 sensum
229 927 370 988 adaperiunt,
387 923 476 969 firnodo
488 926 554 970 sensus
564 925 598 971 hic

19 987 121 1034 doctrina
132 990 264 1036 ecclefiasticae
274 989 355 1043 raonest
367 992 494 1039 contrarius,
509 988 555 1033 licet
561 1006 598 1034 ex·

16 1051 123 1112 plicationi
143 1057 280 1117 antiquorum
307 1070 353 1099 non
380 1057 453 1117 utique
475 1051 597 1100 consormis.

18 1119 66 1164 Cur
77 1123 134 1163 enim
149 1121 280 1181 prohibitum
297 1117 341 1170 fit,
366 1120 429 1165 Sacra
439 1120 546 1180 Scriptura
564 1119 597 1164 lo-

17 1198 80 1233 cum,
89 1183 246 1231 obscuritatibus
263 1186 366 1230 hactenus
380 1184 517 1234 involutum,
531 1184 597 1246 expli.

17 1263 74 1297 ture,
91 1246 239 1310 difficultates,
257 1252 356 1295 nondum
373 1249 418 1295 saris
428 1252 543 1300 enodatas,
554 1249 596 1294 rol-

15 1309 70 1362 lere,
83 1329 201 1377 verumque
216 1315 312 1365 sensum,
329 1314 340 1360 al
355 1331 401 1377 qno
414 1314 446 1359 vel
464 1314 595 1376 linguarum,

17 1376 50 1421 vel
60 1376 121 1422 studii
132 1382 257 1430 tenacioris,
272 1379 306 1425 vel
324 1382 401 1425 critices
417 1381 548 1442 ignorantia,
560 1379 594 1425 vel

15 1443 80 1486 nimia
90 1458 137 1504 erga
149 1446 245 1505 antiquas
257 1444 403 1505 explicationes
418 1447 555 1489 veneratione
565 1458 595 1489 at-

14 1521 59 1567 que
83 1505 158 1553 fiducia
179 1509 298 1555 aberratum
313 1507 365 1560 suit,
381 1512 475 1555 invenire
493 1523 556 1571 atque
571 1511 595 1554 in

12 1570 112 1617 'medium
122 1574 261 1635 producere?
277 1573 372 1636 Plerique
385 1577 453 1619 Panes
468 1574 533 1620 sensui
548 1590 595 1618 ma·

15 1638 47 1699 gis
63 1635 193 1701 allegorico,
211 1656 275 1701 quarn
287 1638 359 1685 literali
373 1639 516 1690 inhaeserunt,
533 1641 594 1699 pauci

14 1702 95 1764 linguas
105 1705 216 1766 originales
222 1704 307 1750 calluere
317 1735 324 1754 ,
335 1707 395 1765 pauci
404 1720 486 1750 textum
496 1703 594 1749 Ebraeum

14 1767 175 1821 consuluerunt,
194 1773 252 1830 pauci
262 1772 310 1814 artis
325 1771 402 1816 critices
415 1772 477 1832 periti
494 1767 593 1830 suerunt5

13 1835 90 1878 ornnes
104 1832 170 1880 serrne
185 1837 212 1880 de
224 1834 280 1881 sensu
295 1834 392 1881 locorum
404 1834 517 1882 difficilium
525 1837 594 1880 diver-

14 1896 43 1944 sas
59 1901 172 1959 opiniones
192 1899 308 1945 foverunt:
330 1915 367 1946 cur
381 1917 431 1963 ergo
447 1900 531 1961 posteris
545 1915 593 1960 per·

12 1962 94 2008 missurn
106 1980 152 2010 non
163 1964 225 2015 esser,
242 1967 279 2027 qui
290 1968 460 2030 majoremquam
469 1964 497 2010 illi
508 1964 592 2028 lingua-

10 2043 59 2074 rum
71 2032 169 2076 notitiam
184 2030 221 2076 fibi
239 2047 405 2092 compararunt,
422 2033 457 2090 qui
472 2030 593 2092 diligentius

10 2095 33 2137 in
50 2109 120 2139 mores
133 2100 157 2141 &
168 2096 334 2147 ¹consuetudines
348 2096 483 2157 Judaeum,
501 2096 593 2158 aliasque
654 2156 655 2159 Ἰ

9 2159 115 2209 scientias,
131 2159 264 2209 illustrationi
279 2163 342 2209 Sacra
357 2162 466 2224 Scriptura
480 2160 594 2208 inservien-
628 2212 629 2216 η
652 2161 654 2165 ’

9 2239 52 2277 tes,
63 2224 233 2290 inquisiverunt,
245 2246 297 2283 cur,
312 2230 414 2288 inquam,
429 2230 459 2275 eis
470 2226 593 2291 permissum
610 2226 624 2242 ⁸
677 2283 681 2291 Ι

315 2296 359 2357 Ι1-3
424 2332 504 2341 ,.,
