1495 2681
105 121 139 178 54
174 107 340 165 Muruouus
360 96 619 164 Saunairnaotoa·

107 190 685 206 W

109 215 200 267 difficilis
208 225 231 267 ὅ(
238 222 320 283 illepida
329 223 370 274 est,
387 238 457 286 neque
464 225 526 269 etiam
537 221 688 268 commovendi

110 300 183 350 neque
191 283 327 348 persuadendi
335 286 417 335 insitam
432 290 474 334 vim
486 287 553 333 haber.

183 352 231 399 l-laic
246 369 335 416 quoque
348 356 374 400 de
392 353 449 400 causa
463 352 581 416 linguarum
597 350 691 412 cognitio

111 431 216 480 perquam
234 419 263 464 est
277 417 385 464 necessaria
395 418 520 481 Theologis.
568 421 647 463 Verum
661 413 691 460 est

83 500 90 508 ·-
113 483 183 529 adhuc
193 484 250 529 causa
260 482 297 529 alia
306 484 374 529 multo
388 485 538 544 pregnantiota
550 480 620 529 scilicet
632 480 692 545 quod
725 525 728 529 ,

112 547 186 594 nostra
200 548 298 595 dosirina
312 548 368 594 libris
378 548 479 599 Ebraicis,
493 549 602 594 Graecis&
618 547 693 600 latinis

114 628 230 663 contenta,
247 613 328 675 absque
342 612 424 658 illatum
437 612 558 676 linguatum
573 613 694 676 cognitione

113 694 154 724 nec
164 678 250 741 intelligi
257 677 336 728 solide,
353 691 392 722 nec
408 678 458 723 tradi
475 677 518 723 aliis
532 675 695 739 seliciretpoffit.

116 745 176 807 Qis
187 745 244 788 enirn
260 744 327 788 dicere
337 740 459 791 conabitur,
475 741 581 788 Ebraicam
599 743 695 805 linguam

114 822 190 868 parurn
201 808 228 853 ad
235 806 392 871 intelligentiam
401 805 505 853 librorum
515 808 595 852 Veteris
607 807 694 853 &Novi

114 872 243 919 Testamenti
254 871 389 920 conducere?
398 890 446 919 curn
458 873 561 919 Hebraica
571 871 640 935 lingua
646 870 696 918 sons

118 935 158 988 fit,
169 943 191 984 dt
202 936 309 984 versiones
319 937 437 984 hebraismis
447 937 546 986 scateant,
556 935 697 983 omnibusvel

116 1005 187 1065 ptimo
195 1006 351 1067 pereuntum,
368 1006 462 1050 notitiam
473 1004 534 1071 hujus
544 1003 619 1068 linguae
629 1004 655 1049 ad
663 1006 695 1048 in-

120 1068 246 1132 telligendos
257 1087 293 1115 eos
304 1069 430 1116 utilissimam
441 1069 497 1120 else,
514 1072 649 1133 maximeque
660 1085 697 1113 ne-

119 1134 227 1180 cessariam.
252 1136 364 1196 Siquando
375 1138 524 1197 cumJudaeo‚
540 1135 573 1182 vel
581 1135 697 1198 aliquono-

49 1252 51 1255 v
118 1200 155 1244 stri
165 1203 266 1261 temporis
277 1200 308 1246 vel
319 1201 416 1245 haeretico
428 1201 460 1246 vel
471 1199 601 1260 dissentiente
610 1202 700 1263 disputa-

119 1266 184 1310 tionis
196 1265 249 1311 serta
260 1264 408 1328 agitandam,
420 1265 545 1329 Theologns
555 1264 699 1312 hebrairaelin·

120 1347 167 1393 guae
185 1346 256 1392 expers
271 1332 297 1377 ad
310 1327 413 1377 silentium
432 1334 497 1395 redigi
513 1332 545 1377 vel
560 1328 638 1395 quovis
653 1347 700 1376 mo-

100 1410 102 1413 ·
121 1410 196 1443 mento
206 1395 305 1448 timebit,
321 1412 369 1442 cum
383 1396 487 1460 saepissime
500 1396 586 1448 nesciat,
598 1398 649 1461 quid
665 1413 698 1442 re-

122 1478 207 1527 ponat,
224 1461 257 1509 vel
271 1465 408 1526 quommodo
424 1467 449 1511 ad
459 1461 603 1528 objeclionem
614 1459 705 1526 respona.

123 1530 172 1588 dete
182 1526 268 1578 debeat,
279 1529 317 1575 nbi
333 1527 369 1590 ipsi
381 1544 499 1592 tegeretur:
516 1532 538 1574 in
549 1529 649 1575 hebraicis
660 1530 701 1574 hoc

123 1610 170 1640 non
177 1609 242 1645 extat,
253 1609 322 1641 textus
332 1593 440 1641 hebraicus
450 1596 530 1641 nonita
540 1594 701 1660 legendus‚hoc

107 1665 147 1707 ’δὲ
158 1660 210 1706 illud
226 1660 305 1723 placitis
322 1664 363 1706 tuis
381 1663 511 1706 contrarium
525 1662 546 1705 in
562 1660 580 1708 se
599 1663 700 1708 continet.

124 1730 173 1790 Jam
184 1724 199 1771 fi
210 1725 251 1788 ipse
261 1726 549 1789 textnmlegete&explicare
558 1724 713 1790 nequinsacile

125 1807 161 1838 aut
169 1793 252 1853 imponi
263 1790 334 1838 sentiet
345 1790 430 1841 fibiaut
441 1807 513 1854 mutus
524 1794 704 1857 eritmagisquam

126 1858 194 1920 piscis,
206 1873 270 1922 atque
276 1858 323 1904 risui
331 1857 463 1921 reliquorum
476 1889 483 1910 ‚
499 1861 535 1921 qui
546 1859 626 1905 adstant
637 1874 703 1921 expo-

126 1920 182 1970 situs.
399 1943 403 1945 >

88 2048 90 2051 ι
195 1986 251 2035 Libri
262 1989 321 2034 Novi
333 1987 461 2035 Testamenti
484 1989 555 2037 Gtaecal
570 1991 644 2036 exarati
659 1987 707 2035 sunt

129 2053 218 2117 lingui,
233 2070 273 2100 nec
284 2070 330 2099 non
340 2053 602 2102 excellentissrmiHillotiae
609 2052 706 2103 Ecclefia·

130 2120 183 2166 stica
192 2119 314 2182 scriptores,
334 2136 429 2184 quotum
445 2119 515 2183 scripta
534 2120 573 2168 haic
587 2120 707 2183 consignata

129 2186 204 2248 lingna
213 2184 322 2235 habemus.
360 2188 451 2251 Qanta
464 2202 522 2233 nunc
537 2188 615 2251 prestat
629 2188 708 2250 linguae

131 2252 194 2320 hujus
204 2253 283 2315 petitus
292 2268 334 2316 ptae
345 2251 386 2301 alio
391 2283 398 2308 ,
410 2269 455 2300 eam
464 2253 591 2318 ignorante?
606 2265 710 2368 quantupa

654 2332 710 2366 uur-
