1495 2681
54 138 61 141 .
125 97 178 166 138
218 95 643 172 MutuoousStuorrTurtocr:

121 209 216 258 rentibus
228 215 301 259 oritur.
332 216 385 262 Non
396 212 483 268 sufficit,
490 214 520 260 uti
529 211 588 274 supra
598 212 704 270 diximus*

122 279 226 323 terminos
237 279 369 342 intelligere,
387 281 420 326 sed
431 277 498 327 sensus
505 281 598 343 quoque
608 293 646 340 per
656 292 702 335 tro-

122 343 176 404 pum
184 342 191 395 3
209 342 330 405 parabolam
343 376 351 399 ,
368 351 390 393 &
404 345 494 411 figuram
511 343 620 394 obscurus,
630 346 652 388 &
661 341 701 397 ab·

122 409 178 454 ditus
198 410 302 454 eruendus
316 411 365 470 est5
380 408 403 456 in
414 412 456 457 hoc
472 414 595 472 praecipuam
611 422 701 470 operatu

122 488 188 535 atque
198 472 320 525 industriam
329 478 430 536 interpres
443 475 531 521 collocet
544 472 621 522 necesse
631 471 666 519 est.
697 477 699 479 ’

186 538 324 585 Scientiarum
334 570 341 593 ,
356 555 471 601 rerumque
479 541 505 585 ad
514 542 597 587 Sacram
608 539 700 600 Scriptu-¹

119 615 165 646 ram
177 605 339 664 pertinentium,
355 622 372 649 e
377 623 399 668 g.
414 605 523 656 Historia,
539 604 700 667 Chronologiae‚

123 668 361 729 Geographiae,morum
376 668 631 729 arqueconsuetudinum
642 668 699 730 apud

118 747 197 777 veteres
214 732 317 793 Judaeos‚
338 735 453 779 nonunum
475 735 543 784 item,
566 734 699 795 plantarum,

120 794 251 850 bestiarum,
272 797 366 859 lapidum
385 797 541 860 pretiosorum,
559 814 608 844 uno.
620 796 697 848 verbo,

118 863 260 910 terminorum
277 866 300 908 in
315 861 416 909 omnibus
438 863 516 909 artibus
533 879 558 908 ac
574 863 659 910 scientiis
674 864 699 912 in

115 927 177 973 Sacra
201 928 306 990 Scriptura
337 929 481 990 usurpatorum
496 930 589 990 cognitio
610 928 636 973 ad
651 942 697 988 ¹ett-

117 992 239 1052 plicandum
259 993 344 1038 Sacrum
363 995 466 1047 Codicem
484 996 558 1054 pariter
584 992 614 1039 est
628 990 698 1046 neces

117 1055 178 1106 saria,
193 1072 257 1118 atque
272 1058 333 1104 solers
345 1061 446 1121 interpres
460 1061 535 1104 hatum
546 1074 616 1104 terum
626 1058 696 1102 studio

116 1120 230 1167 subducere
247 1120 265 1166 se
285 1139 332 1167 non
348 1126 441 1183 poterit,
457 1126 524 1177 modo
541 1120 591 1175 fibi,
606 1126 636 1168 uti
650 1124 695 1186 jam

118 1186 288 1238 admonuimus,
305 1203 390 1238 caveat,
407 1204 434 1234 ne
449 1191 472 1234 in
490 1196 561 1246 earum
573 1189 695 1233 traciatione

117 1265 184 1294 omne
196 1264 280 1312 tempus
289 1254 355 1314 atque
372 1252 465 1300 studium
476 1253 598 1316 impendat,
607 1251 640 1298 sed
651 1250 695 1297 suc·

115 1316 183 1361 ciuste
192 1314 303 1378 sobrieque
320 1334 353 1363 eas
364 1320 445 1365 tractet.
466 1374 468 1377 r
692 1370 694 1372 ,

195 1382 250 1427 Saue
258 1385 413 1430 Commentatii
422 1386 516 1430 vitorum
526 1380 694 1442 doctorumqui

104 1447 137 1492 ,in
148 1443 213 1493 Biblia
220 1446 338 1508 scripserunt
349 1480 356 1500 ,
372 1466 452 1513 magno
461 1446 562 1494 omnihus
572 1446 694 1511 adjumento

114 1510 180 1560 sunt,
198 1514 236 1574 qui
253 1513 326 1558 Sacros
345 1514 385 1559 hos
415 1515 480 1561 iibros
507 1512 540 1558 vei
566 1509 694 1572 intelligere,

114 1575 148 1622 vel
162 1575 206 1622 aliis
228 1577 331 1638 explicate
344 1578 444 1642 satagunt.
485 1574 693 1638 Siquidcminfinitae

113 1644 276 1704 propemodum
289 1640 421 1690 difficultates
430 1648 452 1690 in
460 1642 623 1690 Commentariis
638 1642 693 1686 anti·

113 1709 194 1769 quis&
205 1706 466 1762 recentioribussublata,
482 1705 614 1754 obscuritates
622 1707 695 1751 immi-

111 1787 180 1822 nuta,
196 1772 421 1834 quastionesrdiscuffae
431 1773 490 1824 sunt,
500 1789 551 1836 quas
561 1771 692 1818 unushomo

112 1854 141 1884 ne
147 1836 221 1884 leviter
233 1839 320 1899 quidem
330 1839 467 1902 perstringere
478 1838 575 1888 voluerit,
593 1833 669 1883 etiarnsi
680 1835 692 1881 ὲ

110 1902 200 1967 pueritid
216 1905 243 1949 ad
256 1904 381 1965 decrepitam
396 1906 462 1968 usque
476 1919 556 1950 atatem
573 1905 594 1947 in
612 1902 650 1949 illis
661 1900 691 1946 la-

111 1967 195 2015 boriose
207 1969 340 2015 desudaverit.
373 1970 476 2019 Catholici
491 1972 610 2031 interpretes
620 1965 691 2030 prase-

112 2036 171 2080 tendi
190 2034 250 2086 sunt,
265 2034 299 2085 sed
314 2034 449 2095 atnpliffimus
464 2031 554 2097 quoque
569 2031 651 2098 srucius
666 2049 692 2078 er

111 2099 238 2162 Judaeorum
248 2098 382 2163 aliorumque
394 2115 450 2148 extra
465 2099 533 2160 finum
548 2097 639 2146 Ecclesia
650 2097 692 2143 ob·
718 2156 720 2159 Ι

114 2165 227 2211 errantium
238 2165 313 2227 scriptis
320 2170 365 2228 capi
372 2168 446 2229 potest.
479 2166 529 2211 Satis
535 2165 620 2226 constat,
626 2179 692 2227 quam

110 2228 204 2282 muitum
215 2229 307 2284 Rahbini
317 2235 449 2301 &imprimis
458 2229 574 2297 AbenEsra
585 2237 608 2279 &
618 2229 691 2339 Kirnhdi

145 2340 147 2343 ,
664 2310 676 2340 a
