<?xml version="1.0" encoding="UTF-8"?>
<!DOCTYPE html PUBLIC "-//W3C//DTD XHTML 1.0 Transitional//EN"
    "http://www.w3.org/TR/xhtml1/DTD/xhtml1-transitional.dtd">
<html xmlns="http://www.w3.org/1999/xhtml" xml:lang="en" lang="en">
 <head>
  <title>
</title>
<meta http-equiv="Content-Type" content="text/html;charset=utf-8" />
  <meta name='ocr-system' content='tesseract 3.04.00' />
  <meta name='ocr-capabilities' content='ocr_page ocr_carea ocr_par ocr_line ocrx_word'/>
</head>
<body>
  <div class='ocr_page' id='page_1' title='image "./MN40353ucmf_4_0302.png"; bbox 0 0 1495 2681; ppageno 0'>
   <div class='ocr_carea' id='block_1_1' title="bbox 147 129 709 200">
    <p class='ocr_par' dir='ltr' id='par_1_1' title="bbox 147 129 709 200">
     <span class='ocr_line' id='line_1_1' title="bbox 147 129 709 200; baseline -0.014 -9"><span class='ocrx_word' id='word_1_1' title='bbox 147 137 202 199; x_wconf 64' lang='lat'>228</span> <span class='ocrx_word' id='word_1_2' title='bbox 240 129 662 200; x_wconf 52' lang='lat' dir='ltr'>MrruoousSruouTrrroroe„</span> <span class='ocrx_word' id='word_1_3' title='bbox 706 160 709 164; x_wconf 77' lang='lat'><em>,</em></span> 
     </span>
    </p>
   </div>
   <div class='ocr_carea' id='block_1_2' title="bbox 87 232 747 2381">
    <p class='ocr_par' dir='ltr' id='par_1_2' title="bbox 87 232 747 2381">
     <span class='ocr_line' id='line_1_2' title="bbox 151 232 743 301; baseline -0.01 -17"><span class='ocrx_word' id='word_1_4' title='bbox 151 237 205 284; x_wconf 81' lang='lat' dir='ltr'>viter</span> <span class='ocrx_word' id='word_1_5' title='bbox 220 253 285 301; x_wconf 86' lang='lat' dir='ltr'>atque</span> <span class='ocrx_word' id='word_1_6' title='bbox 299 238 395 284; x_wconf 66' lang='lat' dir='ltr'>distinshe</span> <span class='ocrx_word' id='word_1_7' title='bbox 408 255 441 283; x_wconf 83' lang='lat' dir='ltr'>eas</span> <span class='ocrx_word' id='word_1_8' title='bbox 457 250 589 299; x_wconf 79' lang='lat' dir='ltr'>proponere,</span> <span class='ocrx_word' id='word_1_9' title='bbox 603 240 626 282; x_wconf 70' lang='grc' dir='ltr'>,ἅτ</span> <span class='ocrx_word' id='word_1_10' title='bbox 636 232 743 294; x_wconf 65' lang='lat' dir='ltr'>insyllo-</span> 
     </span>
     <span class='ocr_line' id='line_1_3' title="bbox 153 298 730 369; baseline -0.007 -21"><span class='ocrx_word' id='word_1_11' title='bbox 153 305 217 369; x_wconf 75' lang='lat' dir='ltr'>gismi</span> <span class='ocrx_word' id='word_1_12' title='bbox 227 302 319 350; x_wconf 88' lang='lat' dir='ltr'>sormam</span> <span class='ocrx_word' id='word_1_13' title='bbox 333 306 426 368; x_wconf 79' lang='lat' dir='ltr'>redigere</span> <span class='ocrx_word' id='word_1_14' title='bbox 439 304 519 365; x_wconf 87' lang='lat' dir='ltr'>potest,</span> <span class='ocrx_word' id='word_1_15' title='bbox 536 298 649 360; x_wconf 86' lang='lat' dir='ltr'>defendens</span> <span class='ocrx_word' id='word_1_16' title='bbox 659 315 730 345; x_wconf 81' lang='lat' dir='ltr'>aurem</span> 
     </span>
     <span class='ocr_line' id='line_1_4' title="bbox 155 365 730 431; baseline -0.01 -15"><span class='ocrx_word' id='word_1_17' title='bbox 155 371 184 416; x_wconf 79' lang='lat' dir='ltr'>ad</span> <span class='ocrx_word' id='word_1_18' title='bbox 195 386 227 415; x_wconf 82' lang='lat' dir='ltr'>eas</span> <span class='ocrx_word' id='word_1_19' title='bbox 234 372 286 416; x_wconf 91' lang='lat' dir='ltr'>novi</span> <span class='ocrx_word' id='word_1_20' title='bbox 295 369 379 431; x_wconf 76' lang='lat' dir='ltr'>semper.</span> <span class='ocrx_word' id='word_1_21' title='bbox 388 369 468 431; x_wconf 83' lang='lat' dir='ltr'>aliquid</span> <span class='ocrx_word' id='word_1_22' title='bbox 479 366 597 414; x_wconf 79' lang='lat' dir='ltr'>interserens</span> <span class='ocrx_word' id='word_1_23' title='bbox 606 365 730 427; x_wconf 87' lang='lat' dir='ltr'>respondere</span> 
     </span>
     <span class='ocr_line' id='line_1_5' title="bbox 130 431 730 497; baseline -0.01 -15"><span class='ocrx_word' id='word_1_24' title='bbox 130 448 132 452; x_wconf 86' lang='grc'><strong>“</strong></span> <span class='ocrx_word' id='word_1_25' title='bbox 156 435 234 496; x_wconf 83' lang='lat' dir='ltr'>debet3</span> <span class='ocrx_word' id='word_1_26' title='bbox 244 431 730 497; x_wconf 81' lang='lat' dir='ltr'>atverodisputatiohaecsongiusnonestextra-</span> 
     </span>
     <span class='ocr_line' id='line_1_6' title="bbox 156 495 735 563; baseline -0.009 -17"><span class='ocrx_word' id='word_1_27' title='bbox 156 495 735 563; x_wconf 74' lang='lat' dir='ltr'>henda,unavelduaeexceptionesautregestionesrol--</span> 
     </span>
     <span class='ocr_line' id='line_1_7' title="bbox 154 561 732 629; baseline -0.007 -18"><span class='ocrx_word' id='word_1_28' title='bbox 154 565 223 611; x_wconf 76' lang='lat' dir='ltr'>lenda</span> <span class='ocrx_word' id='word_1_29' title='bbox 230 562 348 611; x_wconf 87' lang='lat' dir='ltr'>difficultati</span> <span class='ocrx_word' id='word_1_30' title='bbox 357 561 458 610; x_wconf 85' lang='lat' dir='ltr'>sufficient</span> <span class='ocrx_word' id='word_1_31' title='bbox 464 595 471 614; x_wconf 83' lang='lat'>,</span> <span class='ocrx_word' id='word_1_32' title='bbox 477 567 578 627; x_wconf 85' lang='lat' dir='ltr'>quicquid</span> <span class='ocrx_word' id='word_1_33' title='bbox 583 565 680 629; x_wconf 84' lang='lat' dir='ltr'>adjicitur,</span> <span class='ocrx_word' id='word_1_34' title='bbox 688 562 732 625; x_wconf 87' lang='lat' dir='ltr'>ple·</span> 
     </span>
     <span class='ocr_line' id='line_1_8' title="bbox 155 628 733 693; baseline -0.005 -17"><span class='ocrx_word' id='word_1_35' title='bbox 155 645 248 693; x_wconf 88' lang='lat' dir='ltr'>rumque</span> <span class='ocrx_word' id='word_1_36' title='bbox 258 631 290 676; x_wconf 86' lang='lat' dir='ltr'>vei</span> <span class='ocrx_word' id='word_1_37' title='bbox 298 628 424 690; x_wconf 81' lang='lat' dir='ltr'>superfluum</span> <span class='ocrx_word' id='word_1_38' title='bbox 431 628 508 681; x_wconf 83' lang='lat' dir='ltr'>est,vel</span> <span class='ocrx_word' id='word_1_39' title='bbox 518 632 628 693; x_wconf 86' lang='lat' dir='ltr'>repetitum</span> <span class='ocrx_word' id='word_1_40' title='bbox 639 652 645 689; x_wconf 76' lang='lat'>5</span> <span class='ocrx_word' id='word_1_41' title='bbox 661 644 733 691; x_wconf 85' lang='lat' dir='ltr'>neque</span> 
     </span>
     <span class='ocr_line' id='line_1_9' title="bbox 157 692 732 758; baseline -0.005 -16"><span class='ocrx_word' id='word_1_42' title='bbox 157 700 273 758; x_wconf 83' lang='lat' dir='ltr'>quicquam</span> <span class='ocrx_word' id='word_1_43' title='bbox 290 695 376 739; x_wconf 82' lang='lat' dir='ltr'>raediurn</span> <span class='ocrx_word' id='word_1_44' title='bbox 392 696 459 756; x_wconf 83' lang='lat' dir='ltr'>tnagis</span> <span class='ocrx_word' id='word_1_45' title='bbox 475 692 534 740; x_wconf 83' lang='lat' dir='ltr'>assetr</span> <span class='ocrx_word' id='word_1_46' title='bbox 543 726 551 748; x_wconf 88' lang='lat'><strong><em>,</em></strong></span> <span class='ocrx_word' id='word_1_47' title='bbox 574 712 637 758; x_wconf 83' lang='lat' dir='ltr'>quam</span> <span class='ocrx_word' id='word_1_48' title='bbox 653 695 732 758; x_wconf 83' lang='lat' dir='ltr'>prolixa</span> 
     </span>
     <span class='ocr_line' id='line_1_10' title="bbox 157 758 732 823; baseline 0.002 -18"><span class='ocrx_word' id='word_1_49' title='bbox 157 761 263 811; x_wconf 83' lang='lat' dir='ltr'>inutilium</span> <span class='ocrx_word' id='word_1_50' title='bbox 275 774 449 822; x_wconf 83' lang='lat' dir='ltr'>argumentorum</span> <span class='ocrx_word' id='word_1_51' title='bbox 461 758 534 808; x_wconf 85' lang='lat' dir='ltr'>turba,</span> <span class='ocrx_word' id='word_1_52' title='bbox 544 762 566 804; x_wconf 88' lang='lat' dir='ltr'>in</span> <span class='ocrx_word' id='word_1_53' title='bbox 577 761 732 823; x_wconf 79' lang='lat' dir='ltr'>quibuseadenr</span> 
     </span>
     <span class='ocr_line' id='line_1_11' title="bbox 158 822 733 889; baseline 0 -18"><span class='ocrx_word' id='word_1_54' title='bbox 158 822 283 877; x_wconf 83' lang='lat' dir='ltr'>difficultas,</span> <span class='ocrx_word' id='word_1_55' title='bbox 295 826 342 870; x_wconf 89' lang='lat' dir='ltr'>licet</span> <span class='ocrx_word' id='word_1_56' title='bbox 352 824 392 870; x_wconf 74' lang='lat' dir='ltr'>alid</span> <span class='ocrx_word' id='word_1_57' title='bbox 402 839 465 886; x_wconf 82' lang='lat' dir='ltr'>atque</span> <span class='ocrx_word' id='word_1_58' title='bbox 474 822 513 870; x_wconf 70' lang='lat' dir='ltr'>alid</span> <span class='ocrx_word' id='word_1_59' title='bbox 527 823 601 886; x_wconf 87' lang='lat' dir='ltr'>specie,</span> <span class='ocrx_word' id='word_1_60' title='bbox 614 826 692 889; x_wconf 84' lang='lat' dir='ltr'>semper</span> <span class='ocrx_word' id='word_1_61' title='bbox 701 842 733 871; x_wconf 93' lang='lat' dir='ltr'>re-</span> 
     </span>
     <span class='ocr_line' id='line_1_12' title="bbox 157 889 733 953; baseline -0.002 -16"><span class='ocrx_word' id='word_1_62' title='bbox 157 894 226 939; x_wconf 82' lang='lat' dir='ltr'>currit.</span> <span class='ocrx_word' id='word_1_63' title='bbox 260 892 382 936; x_wconf 83' lang='lat' dir='ltr'>Moderatio</span> <span class='ocrx_word' id='word_1_64' title='bbox 393 905 456 952; x_wconf 85' lang='lat' dir='ltr'>atque</span> <span class='ocrx_word' id='word_1_65' title='bbox 467 889 539 935; x_wconf 82' lang='lat' dir='ltr'>lenitas</span> <span class='ocrx_word' id='word_1_66' title='bbox 551 905 663 953; x_wconf 86' lang='lat' dir='ltr'>utramque</span> <span class='ocrx_word' id='word_1_67' title='bbox 673 895 694 937; x_wconf 87' lang='lat' dir='ltr'>in</span> <span class='ocrx_word' id='word_1_68' title='bbox 701 892 733 937; x_wconf 91' lang='lat' dir='ltr'>di·</span> 
     </span>
     <span class='ocr_line' id='line_1_13' title="bbox 156 954 732 1020; baseline -0.002 -17"><span class='ocrx_word' id='word_1_69' title='bbox 156 954 309 1020; x_wconf 83' lang='lat' dir='ltr'>sputarionibus</span> <span class='ocrx_word' id='word_1_70' title='bbox 320 958 417 1019; x_wconf 81' lang='lat' dir='ltr'>paginam</span> <span class='ocrx_word' id='word_1_71' title='bbox 434 954 531 1007; x_wconf 76' lang='lat' dir='ltr'>sariunt,</span> <span class='ocrx_word' id='word_1_72' title='bbox 546 956 597 1001; x_wconf 83' lang='lat' dir='ltr'>nihil</span> <span class='ocrx_word' id='word_1_73' title='bbox 608 973 642 1002; x_wconf 88' lang='lat' dir='ltr'>eas</span> <span class='ocrx_word' id='word_1_74' title='bbox 656 958 732 1020; x_wconf 83' lang='lat' dir='ltr'>magis,</span> 
     </span>
     <span class='ocr_line' id='line_1_14' title="bbox 158 1020 732 1084; baseline -0.002 -17"><span class='ocrx_word' id='word_1_75' title='bbox 158 1039 226 1084; x_wconf 85' lang='lat' dir='ltr'>quarn</span> <span class='ocrx_word' id='word_1_76' title='bbox 237 1020 334 1067; x_wconf 81' lang='lat' dir='ltr'>acerbitas</span> <span class='ocrx_word' id='word_1_77' title='bbox 346 1028 368 1067; x_wconf 78' lang='lat' dir='ltr'>dc</span> <span class='ocrx_word' id='word_1_78' title='bbox 386 1022 493 1067; x_wconf 73' lang='lat' dir='ltr'>iracundie</span> <span class='ocrx_word' id='word_1_79' title='bbox 506 1022 598 1082; x_wconf 80' lang='lat' dir='ltr'>&#39;impetus</span> <span class='ocrx_word' id='word_1_80' title='bbox 609 1024 732 1079; x_wconf 79' lang='lat' dir='ltr'>dedecorar3</span> 
     </span>
     <span class='ocr_line' id='line_1_15' title="bbox 158 1085 732 1149; baseline -0.002 -16"><span class='ocrx_word' id='word_1_81' title='bbox 158 1088 247 1133; x_wconf 83' lang='lat' dir='ltr'>sienim</span> <span class='ocrx_word' id='word_1_82' title='bbox 265 1102 337 1149; x_wconf 85' lang='lat' dir='ltr'>neque</span> <span class='ocrx_word' id='word_1_83' title='bbox 352 1085 525 1147; x_wconf 79' lang='lat' dir='ltr'>disputationibus</span> <span class='ocrx_word' id='word_1_84' title='bbox 546 1085 599 1132; x_wconf 92' lang='lat' dir='ltr'>seriis</span> <span class='ocrx_word' id='word_1_85' title='bbox 616 1086 732 1133; x_wconf 72' lang='lat' dir='ltr'>affectuum</span> 
     </span>
     <span class='ocr_line' id='line_1_16' title="bbox 158 1151 732 1215; baseline -0.003 -16"><span class='ocrx_word' id='word_1_86' title='bbox 158 1153 290 1213; x_wconf 85' lang='lat' dir='ltr'>intemperies</span> <span class='ocrx_word' id='word_1_87' title='bbox 303 1155 420 1203; x_wconf 84' lang='lat' dir='ltr'>convenit,</span> <span class='ocrx_word' id='word_1_88' title='bbox 435 1151 504 1197; x_wconf 84' lang='lat' dir='ltr'>inuito</span> <span class='ocrx_word' id='word_1_89' title='bbox 520 1153 589 1197; x_wconf 91' lang='lat' dir='ltr'>rninus</span> <span class='ocrx_word' id='word_1_90' title='bbox 603 1153 626 1197; x_wconf 89' lang='lat' dir='ltr'>in</span> <span class='ocrx_word' id='word_1_91' title='bbox 643 1152 732 1215; x_wconf 84' lang='lat' dir='ltr'>disputa-</span> 
     </span>
     <span class='ocr_line' id='line_1_17' title="bbox 135 1216 733 1280; baseline 0.002 -18"><span class='ocrx_word' id='word_1_92' title='bbox 135 1245 137 1249; x_wconf 40' lang='lat'>*</span> <span class='ocrx_word' id='word_1_93' title='bbox 159 1216 270 1266; x_wconf 81' lang='lat' dir='ltr'>tionibus,</span> <span class='ocrx_word' id='word_1_94' title='bbox 290 1218 379 1262; x_wconf 84' lang='lat' dir='ltr'>exercitii</span> <span class='ocrx_word' id='word_1_95' title='bbox 390 1216 456 1280; x_wconf 61' lang='lat' dir='ltr'>gratis</span> <span class='ocrx_word' id='word_1_96' title='bbox 465 1217 573 1269; x_wconf 81' lang='lat' dir='ltr'>institutis,</span> <span class='ocrx_word' id='word_1_97' title='bbox 585 1217 655 1263; x_wconf 87' lang='lat' dir='ltr'>locum</span> <span class='ocrx_word' id='word_1_98' title='bbox 668 1218 733 1263; x_wconf 80' lang='lat' dir='ltr'>eaba·</span> 
     </span>
     <span class='ocr_line' id='line_1_18' title="bbox 157 1281 733 1345; baseline -0.002 -17"><span class='ocrx_word' id='word_1_99' title='bbox 157 1281 222 1332; x_wconf 88' lang='lat' dir='ltr'>bebit.</span> <span class='ocrx_word' id='word_1_100' title='bbox 246 1284 322 1343; x_wconf 84' lang='lat' dir='ltr'>Iraque</span> <span class='ocrx_word' id='word_1_101' title='bbox 332 1297 380 1328; x_wconf 83' lang='lat' dir='ltr'>anre</span> <span class='ocrx_word' id='word_1_102' title='bbox 392 1284 464 1327; x_wconf 86' lang='lat' dir='ltr'>omnia</span> <span class='ocrx_word' id='word_1_103' title='bbox 473 1297 604 1329; x_wconf 83' lang='lat' dir='ltr'>contemtum</span> <span class='ocrx_word' id='word_1_104' title='bbox 611 1297 675 1345; x_wconf 85' lang='lat' dir='ltr'>atque</span> <span class='ocrx_word' id='word_1_105' title='bbox 682 1298 733 1328; x_wconf 90' lang='lat' dir='ltr'>corr-</span> 
     </span>
     <span class='ocr_line' id='line_1_19' title="bbox 156 1347 733 1413; baseline -0.002 -20"><span class='ocrx_word' id='word_1_106' title='bbox 156 1347 290 1394; x_wconf 88' lang='lat' dir='ltr'>rumeliarum</span> <span class='ocrx_word' id='word_1_107' title='bbox 300 1347 515 1410; x_wconf 81' lang='lat' dir='ltr'>aculeosrespondens</span> <span class='ocrx_word' id='word_1_108' title='bbox 517 1350 577 1413; x_wconf 80' lang='lat' dir='ltr'>juxta</span> <span class='ocrx_word' id='word_1_109' title='bbox 588 1364 611 1393; x_wconf 86' lang='lat' dir='ltr'>ac</span> <span class='ocrx_word' id='word_1_110' title='bbox 621 1363 733 1411; x_wconf 88' lang='lat' dir='ltr'>opponens</span> 
     </span>
     <span class='ocr_line' id='line_1_20' title="bbox 157 1411 731 1476; baseline -0.003 -16"><span class='ocrx_word' id='word_1_111' title='bbox 157 1415 234 1460; x_wconf 80' lang='lat' dir='ltr'>evitare</span> <span class='ocrx_word' id='word_1_112' title='bbox 247 1411 300 1458; x_wconf 85' lang='lat' dir='ltr'>serio</span> <span class='ocrx_word' id='word_1_113' title='bbox 312 1412 407 1462; x_wconf 81' lang='lat' dir='ltr'>debent,</span> <span class='ocrx_word' id='word_1_114' title='bbox 424 1412 474 1459; x_wconf 86' lang='lat' dir='ltr'>alter</span> <span class='ocrx_word' id='word_1_115' title='bbox 485 1411 542 1458; x_wconf 77' lang='lat' dir='ltr'>alteri</span> <span class='ocrx_word' id='word_1_116' title='bbox 552 1414 658 1464; x_wconf 81' lang='lat' dir='ltr'>honorem</span> <span class='ocrx_word' id='word_1_117' title='bbox 667 1429 731 1476; x_wconf 83' lang='lat' dir='ltr'>atque</span> 
     </span>
     <span class='ocr_line' id='line_1_21' title="bbox 155 1477 732 1542; baseline -0.002 -18"><span class='ocrx_word' id='word_1_118' title='bbox 155 1480 293 1524; x_wconf 84' lang='lat' dir='ltr'>reverentiam</span> <span class='ocrx_word' id='word_1_119' title='bbox 311 1477 428 1529; x_wconf 81' lang='lat' dir='ltr'>exhibeat,</span> <span class='ocrx_word' id='word_1_120' title='bbox 450 1477 597 1541; x_wconf 72' lang='lat' dir='ltr'>objediionum</span> <span class='ocrx_word' id='word_1_121' title='bbox 608 1484 631 1525; x_wconf 69' lang='lat' dir='ltr'>de</span> <span class='ocrx_word' id='word_1_122' title='bbox 646 1481 732 1542; x_wconf 84' lang='lat' dir='ltr'>respon-</span> 
     </span>
     <span class='ocr_line' id='line_1_22' title="bbox 156 1541 731 1598; baseline 0.002 -9"><span class='ocrx_word' id='word_1_123' title='bbox 156 1541 241 1589; x_wconf 80' lang='lat' dir='ltr'>fionum</span> <span class='ocrx_word' id='word_1_124' title='bbox 252 1557 322 1588; x_wconf 89' lang='lat' dir='ltr'>tamen</span> <span class='ocrx_word' id='word_1_125' title='bbox 334 1542 413 1589; x_wconf 89' lang='lat' dir='ltr'>robore</span> <span class='ocrx_word' id='word_1_126' title='bbox 421 1543 666 1598; x_wconf 82' lang='lat' dir='ltr'>nullatenusimmirruto.</span> <span class='ocrx_word' id='word_1_127' title='bbox 684 1545 731 1590; x_wconf 88' lang='lat' dir='ltr'>Nec</span> 
     </span>
     <span class='ocr_line' id='line_1_23' title="bbox 156 1605 731 1671; baseline -0.002 -17"><span class='ocrx_word' id='word_1_128' title='bbox 156 1609 313 1671; x_wconf 89' lang='lat' dir='ltr'>opponendum</span> <span class='ocrx_word' id='word_1_129' title='bbox 329 1612 403 1661; x_wconf 85' lang='lat' dir='ltr'>animo</span> <span class='ocrx_word' id='word_1_130' title='bbox 418 1608 530 1660; x_wconf 81' lang='lat' dir='ltr'>aculeato,</span> <span class='ocrx_word' id='word_1_131' title='bbox 550 1624 590 1653; x_wconf 86' lang='lat' dir='ltr'>nec</span> <span class='ocrx_word' id='word_1_132' title='bbox 604 1605 731 1670; x_wconf 88' lang='lat' dir='ltr'>responden·</span> 
     </span>
     <span class='ocr_line' id='line_1_24' title="bbox 157 1672 731 1735; baseline -0.002 -16"><span class='ocrx_word' id='word_1_133' title='bbox 157 1675 209 1719; x_wconf 87' lang='lat' dir='ltr'>dum</span> <span class='ocrx_word' id='word_1_134' title='bbox 219 1674 247 1718; x_wconf 82' lang='lat' dir='ltr'>est</span> <span class='ocrx_word' id='word_1_135' title='bbox 254 1688 354 1735; x_wconf 87' lang='lat' dir='ltr'>proterve</span> <span class='ocrx_word' id='word_1_136' title='bbox 358 1702 366 1725; x_wconf 88' lang='lat'><strong><em>,</em></strong></span> <span class='ocrx_word' id='word_1_137' title='bbox 376 1673 427 1718; x_wconf 83' lang='lat' dir='ltr'>aiter</span> <span class='ocrx_word' id='word_1_138' title='bbox 432 1673 519 1719; x_wconf 89' lang='lat' dir='ltr'>alterurn</span> <span class='ocrx_word' id='word_1_139' title='bbox 530 1672 600 1717; x_wconf 69' lang='lat' dir='ltr'>studiat</span> <span class='ocrx_word' id='word_1_140' title='bbox 606 1703 614 1725; x_wconf 84' lang='lat'><em>‚</em></span> <span class='ocrx_word' id='word_1_141' title='bbox 625 1689 648 1719; x_wconf 92' lang='lat' dir='ltr'>ur</span> <span class='ocrx_word' id='word_1_142' title='bbox 655 1688 731 1719; x_wconf 88' lang='lat' dir='ltr'>mutuo</span> 
     </span>
     <span class='ocr_line' id='line_1_25' title="bbox 156 1736 731 1801; baseline -0.003 -15"><span class='ocrx_word' id='word_1_143' title='bbox 156 1738 176 1786; x_wconf 86' lang='lat' dir='ltr'>se</span> <span class='ocrx_word' id='word_1_144' title='bbox 184 1738 287 1784; x_wconf 89' lang='lat' dir='ltr'>instruant</span> <span class='ocrx_word' id='word_1_145' title='bbox 298 1769 305 1788; x_wconf 86' lang='lat'>‚</span> <span class='ocrx_word' id='word_1_146' title='bbox 322 1753 474 1800; x_wconf 86' lang='lat' dir='ltr'>exerceantque</span> <span class='ocrx_word' id='word_1_147' title='bbox 484 1773 491 1794; x_wconf 93' lang='lat'><em>‚</em></span> <span class='ocrx_word' id='word_1_148' title='bbox 505 1736 568 1782; x_wconf 87' lang='lat' dir='ltr'>dubia</span> <span class='ocrx_word' id='word_1_149' title='bbox 579 1738 671 1785; x_wconf 72' lang='lat' dir='ltr'>modeste</span> <span class='ocrx_word' id='word_1_150' title='bbox 681 1755 731 1801; x_wconf 89' lang='lat' dir='ltr'>pro-</span> 
     </span>
     <span class='ocr_line' id='line_1_26' title="bbox 87 1802 732 1867; baseline 0.002 -18"><span class='ocrx_word' id='word_1_151' title='bbox 87 1834 91 1838; x_wconf 81' lang='lat'>·</span> <span class='ocrx_word' id='word_1_152' title='bbox 154 1819 276 1867; x_wconf 84' lang='lat' dir='ltr'>ponantur,</span> <span class='ocrx_word' id='word_1_153' title='bbox 291 1805 317 1849; x_wconf 85' lang='lat' dir='ltr'>ad</span> <span class='ocrx_word' id='word_1_154' title='bbox 332 1820 410 1866; x_wconf 86' lang='lat' dir='ltr'>easque</span> <span class='ocrx_word' id='word_1_155' title='bbox 420 1802 463 1850; x_wconf 88' lang='lat' dir='ltr'>fine</span> <span class='ocrx_word' id='word_1_156' title='bbox 477 1802 595 1865; x_wconf 77' lang='lat' dir='ltr'>arrogantid</span> <span class='ocrx_word' id='word_1_157' title='bbox 609 1806 732 1866; x_wconf 87' lang='lat' dir='ltr'>respondea-</span> 
     </span>
     <span class='ocr_line' id='line_1_27' title="bbox 155 1869 732 1932; baseline 0.002 -17"><span class='ocrx_word' id='word_1_158' title='bbox 155 1885 205 1915; x_wconf 89' lang='lat' dir='ltr'>tur:</span> <span class='ocrx_word' id='word_1_159' title='bbox 220 1869 261 1915; x_wconf 83' lang='lat' dir='ltr'>soia</span> <span class='ocrx_word' id='word_1_160' title='bbox 275 1871 349 1916; x_wconf 85' lang='lat' dir='ltr'>veritas</span> <span class='ocrx_word' id='word_1_161' title='bbox 362 1870 491 1929; x_wconf 85' lang='lat' dir='ltr'>triumphare</span> <span class='ocrx_word' id='word_1_162' title='bbox 498 1898 509 1916; x_wconf 84' lang='lat'>‚.</span> <span class='ocrx_word' id='word_1_163' title='bbox 521 1871 588 1930; x_wconf 86' lang='lat' dir='ltr'>inque</span> <span class='ocrx_word' id='word_1_164' title='bbox 605 1869 649 1914; x_wconf 87' lang='lat' dir='ltr'>suas</span> <span class='ocrx_word' id='word_1_165' title='bbox 663 1885 732 1932; x_wconf 87' lang='lat' dir='ltr'>partes</span> 
     </span>
     <span class='ocr_line' id='line_1_28' title="bbox 153 1934 731 2002; baseline 0 -21"><span class='ocrx_word' id='word_1_166' title='bbox 153 1935 271 1998; x_wconf 85' lang='lat' dir='ltr'>pertrahere</span> <span class='ocrx_word' id='word_1_167' title='bbox 280 1936 386 1981; x_wconf 87' lang='lat' dir='ltr'>auditores</span> <span class='ocrx_word' id='word_1_168' title='bbox 396 1934 472 1986; x_wconf 84' lang='lat' dir='ltr'>deber,</span> <span class='ocrx_word' id='word_1_169' title='bbox 489 1949 533 1978; x_wconf 87' lang='lat' dir='ltr'>non</span> <span class='ocrx_word' id='word_1_170' title='bbox 544 1950 594 1979; x_wconf 89' lang='lat' dir='ltr'>vero</span> <span class='ocrx_word' id='word_1_171' title='bbox 605 1934 692 1981; x_wconf 79' lang='lat' dir='ltr'>clamosa</span> <span class='ocrx_word' id='word_1_172' title='bbox 697 1939 731 2002; x_wconf 82' lang='lat' dir='ltr'>ja-</span> 
     </span>
     <span class='ocr_line' id='line_1_29' title="bbox 155 1997 729 2064; baseline 0.002 -19"><span class='ocrx_word' id='word_1_173' title='bbox 155 2001 232 2047; x_wconf 73' lang='lat' dir='ltr'>diantio</span> <span class='ocrx_word' id='word_1_174' title='bbox 244 2032 251 2051; x_wconf 86' lang='lat'>‚</span> <span class='ocrx_word' id='word_1_175' title='bbox 268 2000 301 2045; x_wconf 86' lang='lat' dir='ltr'>ves</span> <span class='ocrx_word' id='word_1_176' title='bbox 312 2000 474 2046; x_wconf 86' lang='lat' dir='ltr'>conversationis</span> <span class='ocrx_word' id='word_1_177' title='bbox 489 1997 615 2044; x_wconf 85' lang='lat' dir='ltr'>confidentia</span> <span class='ocrx_word' id='word_1_178' title='bbox 625 2017 696 2064; x_wconf 88' lang='lat' dir='ltr'>neque</span> <span class='ocrx_word' id='word_1_179' title='bbox 705 2003 729 2051; x_wconf 85' lang='lat' dir='ltr'>in</span> 
     </span>
     <span class='ocr_line' id='line_1_30' title="bbox 153 2064 729 2128; baseline 0.005 -18"><span class='ocrx_word' id='word_1_180' title='bbox 153 2064 279 2113; x_wconf 87' lang='lat' dir='ltr'>desendenre</span> <span class='ocrx_word' id='word_1_181' title='bbox 295 2083 367 2128; x_wconf 80' lang='lat' dir='ltr'>neque</span> <span class='ocrx_word' id='word_1_182' title='bbox 386 2070 408 2110; x_wconf 92' lang='lat' dir='ltr'>in</span> <span class='ocrx_word' id='word_1_183' title='bbox 425 2079 551 2127; x_wconf 87' lang='lat' dir='ltr'>opponente</span> <span class='ocrx_word' id='word_1_184' title='bbox 565 2065 594 2111; x_wconf 88' lang='lat' dir='ltr'>est</span> <span class='ocrx_word' id='word_1_185' title='bbox 608 2068 729 2116; x_wconf 78' lang='lat' dir='ltr'>exercenda.</span> 
     </span>
     <span class='ocr_line' id='line_1_31' title="bbox 153 2129 729 2194; baseline -0.007 -18"><span class='ocrx_word' id='word_1_186' title='bbox 153 2129 729 2194; x_wconf 58' lang='lat' dir='ltr'>„Cumquaestionessunrprobieoraticm&amp;innuam-</span> 
     </span>
     <span class='ocr_line' id='line_1_32' title="bbox 152 2195 728 2259; baseline 0.007 -20"><span class='ocrx_word' id='word_1_187' title='bbox 152 2223 168 2248; x_wconf 80' lang='lat'>,‚</span> <span class='ocrx_word' id='word_1_188' title='bbox 178 2211 220 2256; x_wconf 89' lang='lat' dir='ltr'>que</span> <span class='ocrx_word' id='word_1_189' title='bbox 230 2212 310 2257; x_wconf 88' lang='lat' dir='ltr'>patrem</span> <span class='ocrx_word' id='word_1_190' title='bbox 321 2196 402 2259; x_wconf 86' lang='lat' dir='ltr'>absque</span> <span class='ocrx_word' id='word_1_191' title='bbox 413 2195 529 2259; x_wconf 85' lang='lat' dir='ltr'>Religionis</span> <span class='ocrx_word' id='word_1_192' title='bbox 543 2195 574 2240; x_wconf 84' lang='lat' dir='ltr'>ves</span> <span class='ocrx_word' id='word_1_193' title='bbox 587 2195 634 2242; x_wconf 87' lang='lat' dir='ltr'>fidei</span> <span class='ocrx_word' id='word_1_194' title='bbox 645 2195 728 2243; x_wconf 83' lang='lat' dir='ltr'>iaefione</span> 
     </span>
     <span class='ocr_line' id='line_1_33' title="bbox 151 2259 747 2333; baseline -0.002 -25"><span class='ocrx_word' id='word_1_195' title='bbox 151 2259 258 2324; x_wconf 55' lang='lat' dir='ltr'>sedes-’ndi</span> <span class='ocrx_word' id='word_1_196' title='bbox 272 2262 370 2325; x_wconf 75' lang='lat' dir='ltr'>possunt,</span> <span class='ocrx_word' id='word_1_197' title='bbox 389 2263 528 2313; x_wconf 79' lang='lat' dir='ltr'>adversarium</span> <span class='ocrx_word' id='word_1_198' title='bbox 543 2275 603 2310; x_wconf 89' lang='lat' dir='ltr'>tuum</span> <span class='ocrx_word' id='word_1_199' title='bbox 615 2267 686 2327; x_wconf 84' lang='lat' dir='ltr'>rigore</span> <span class='ocrx_word' id='word_1_200' title='bbox 697 2259 747 2333; x_wconf 37' lang='lat' dir='ltr'>fers</span> 
     </span>
     <span class='ocr_line' id='line_1_34' title="bbox 659 2343 725 2381; baseline 0.03 -7"><span class='ocrx_word' id='word_1_201' title='bbox 659 2343 725 2381; x_wconf 82' lang='lat' dir='ltr'>„rire</span> 
     </span>
    </p>
   </div>
   <div class='ocr_carea' id='block_1_3' title="bbox 0 0 752 2681">
    <p class='ocr_par' dir='ltr' id='par_1_3' title="bbox 0 0 752 2681">
     <span class='ocr_line' id='line_1_35' title="bbox 0 0 752 2681; baseline 0 0"><span class='ocrx_word' id='word_1_202' title='bbox 0 0 752 2681; x_wconf 95' lang='lat' dir='ltr'> </span> 
     </span>
    </p>
   </div>
  </div>
 </body>
</html>
