1495 2681
151 110 203 170 176
261 103 643 188 MrrflonusSrunrrTrreor.
703 184 705 186 q

206 222 207 225 ‘
278 252 446 319 citur
489 251 593 320 arvi.

202 431 210 444 κ
237 369 371 427 Deioir'us
386 366 633 458 Ἧκοίοριὶε-ὃίαιῖιότ
693 358 695 362 ’

211 478 332 538 Riusquam
342 475 464 538 Theologiae
473 477 577 530 studium,
592 480 637 541 quis
648 477 720 541 adgre-

228 542 312 591 diatur,
327 556 424 602 principia
434 555 499 602 atque
514 540 663 592 fundamenta,
674 542 744 602 qui·

227 604 266 651 bus
276 604 309 650 illa
319 603 499 664 superstruslaest²
508 609 596 670 tegula,
606 622 657 670 quas
663 605 720 667 sequi

151 670 261 721 debemus,
269 668 320 718 loca,
331 669 388 713 unde
397 670 487 715 rationes
499 670 533 716 seu
542 686 663 736 argumenta
674 685 722 715 vete

147 733 279 795 Theologica
289 735 387 794 petenda,
381 748 460 795 ‚atque
473 737 562 788 modus,
574 739 599 782 ad
612 752 676 799 quem
688 750 720 780 res

146 800 188 845 istae
205 799 338 847 tractandae,
355 796 421 858 probe
437 797 540 845 noscenda
558 800 620 862 sunt,
631 801 684 845 hoc
697 814 722 843 ex

147 863 259 927 Augustini
276 861 332 908 libris
341 863 441 909 addiscere
455 863 578 925 possumus,
596 868 622 912 de
633 864 720 911 utilitate

150 930 247 976 credendi
263 929 332 990 deque
342 926 384 972 fide
400 928 461 974 rebus
477 927 722 992 incomprehenhhilibus

147 994 259 1043 habenda,
275 1009 301 1038 ex
318 995 420 1039 Vincentii
441 992 542 1039 Lerrnens
536 1011 553 1039 s
570 995 723 1050 Commonito-

149 1061 193 1108 rio,
205 1074 231 1103 ex
247 1057 372 1119 quibusdam
389 1059 486 1104 Gersonis
500 1058 614 1121 operibus,
630 1075 656 1104 ex
673 1056 723 1103 Cle-

147 1125 230 1184 mangis
240 1122 294 1167 libro
309 1123 336 1167 de
352 1122 421 1167 studio
433 1123 581 1187 Theologico,
597 1141 623 1169 ex
644 1122 721 1168 Erasini

147 1188 252 1232 methodo
263 1201 314 1233 verae
323 1185 452 1249 Theologiae,
467 1205 493 1233 ex
503 1188 585 1234 Nicolai
596 1188 671 1234 Cosani
682 1189 724 1231 do·

148 1252 199 1297 sla
193 1255 326 1313 ignorantia,
342 1267 368 1296 ex
383 1252 504 1298 Melchioris
516 1255 571 1299 Cani
585 1254 636 1298 locis
649 1250 721 1296 Theo-

147 1317 232 1378 logicis,
246 1330 271 1359 ex
282 1318 367 1378 Hyperii
383 1316 451 1361 studio
461 1318 592 1380 Theologico
612 1317 668 1362 recte
677 1314 722 1360 soc·
724 1330 733 1343 ³

147 1384 239 1430 mando,
252 1396 316 1442 quem
332 1380 484 1428 Villavicentius
500 1384 549 1427 dein
565 1377 679 1442 exscriphr,
693 1396 720 1426 ex

147 1446 287 1505 Davenportii
295 1445 404 1504 Systemare
417 1444 477 1498 fidei,
490 1464 516 1491 ex
527 1448 611 1492 Henrici
628 1445 722 1490 Holdeni

148 1512 212 1569 Airai)
210 1509 243 1562 si,
254 1508 405 1554 exhlabillonii
417 1513 443 1555 de
454 1512 524 1557 studiis
535 1511 685 1560 monasticis,
668 1525 720 1574 ejus-

150 1577 243 1636 demque
249 1575 352 1619 Doctrina
358 1574 463 1619 christiana
473 1590 537 1636 atque
549 1576 668 1619 orthodoxa
682 1578 722 1622 ‚dc

88 1636 90 1638 ’
149 1657 174 1688 ex
194 1644 222 1702 Jo
224 1639 279 1701 sephi
290 1641 361 1684 Maria
375 1637 480 1684 Thomasri
497 1639 604 1687 Indiculo
602 1638 724 1685 institutio.

149 1708 182 1751 nis
194 1706 352 1767 Theologicae.
442 1744 444 1746 .
726 1736 728 1745 .

206 1772 286 1829 Opera
301 1769 348 1813 dein
366 1766 497 1829 leganturs
490 1784 525 1813 rn
530 1766 607 1830 quibus
622 1770 722 1830 precipua

148 1833 265 1898 Religionis
275 1835 375 1898 dogmata
385 1835 498 1895 generatim
513 1835 584 1879 tradita
595 1832 657 1894 sunt3
672 1851 691 1880 e.
701 1850 723 1896 g.

147 1917 174 1946 ex
189 1900 293 1945 veteribus
309 1900 407 1959 Origems
431 1896 499 1943 libri
492 1899 537 1961 περὶ
557 1896 617 1962 ἄρχω
583 1868 678 1958 Advseu
696 1902 723 1942 de

146 1967 267 2027 principiis,
293 1963 312 2008 S.
329 1959 400 2022 Cyrilli
417 1964 482 2008 Hiero
484 1962 552 2022 olym.
574 1961 721 2015 Cathecheses‚
737 1996 738 1999 η

147 2028 228 2076 Ruffini
245 2027 350 2105 Expositio
367 2026 486 2087 Symboli5
509 2030 617 2091 Augustini
637 2027 683 2075 libri
697 2029 725 2073 de

146 2110 194 2139 vera
216 2095 282 2157 Relig'
277 2111 337 2145 rone,
351 2093 384 2138 de
402 2091 496 2138 moribus
514 2093 617 2143 Ecclehae,
637 2094 663 2138 de
680 2092 722 2139 fide

146 2174 214 2203 rerum
227 2113 478 2222 incomprehensibilium,
490 2158 622 2205 Enchmdron
628 2159 654 2203 ad
666 2161 721 2205 Lau-

146 2226 238 2271 rentium
254 2230 276 2274 dc
296 2225 404 2289 explicatio
419 2223 519 2283 Symboli.
549 2205 669 2272 Gennadrus
694 2225 721 2271 de

629 2290 719 2356 dogma-
