1495 2681
98 196 99 199 Ἴ
125 118 165 192 44
205 103 370 177 Mttnonus
387 121 485 177 Sruon
499 120 641 178 innotos.
676 121 715 195 ‚J

126 202 704 217 W

120 226 141 275 'n
152 223 243 280 Qinee
260 228 376 288 quicquam
391 223 429 271 nisi
448 226 575 290 opportunis
589 228 612 271 de
621 222 670 268 loco
681 228 704 269 δι

124 316 139 340 ‚,
151 303 249 353 tempore
260 292 383 343 molarem,
398 307 437 337 nee
454 292 577 355 quae‘sliones
591 287 640 336 ullas
655 304 703 351 per-

124 384 138 405 „
150 354 211 401 securi
223 354 285 407 sunt,
304 374 352 419 quae
365 360 470 423 juvenum
484 360 567 421 ingenia
582 355 703 405 orbuerenr,

125 424 308 485 .‚nor1juvarenr.
333 423 406 469 Nostri
415 438 485 468 autem
498 422 604 486 Theologi
621 423 703 482 impor-

122 510 136 531 »
149 487 205 531 runis
216 485 248 532 vel
258 485 319 538 locis,
330 487 395 552 longe
405 488 430 533 de
441 488 473 533 his
488 491 589 551 oratione>
596 485 707 536 differens·

123 566 199 612 „quae
209 568 250 597 nec
262 554 351 616 juvenes
375 567 456 612 portare
473 553 570 614 poliunt,
594 551 701 599 necsenes

122 612 203 667 „lette
236 619 291 674 Qis
302 620 357 663 enirn
368 615 421 662 serre
439 616 502 678 pollit
517 618 664 681 disputationes
677 617 702 669 il-

121 709 137 734 „
147 680 178 727 las
185 683 211 727 de
221 680 368 727 universalibus
378 696 385 731 ¹,
402 681 428 725 de
436 685 551 728 nominum
566 683 667 746 analogia,
674 684 701 729 de

121 775 136 798 „
145 748 215 808 ptimo
225 748 312 808 cognito
322 775 329 796 ‚
344 747 370 793 de
380 747 483 808 principio
492 746 710 798 individuationisssre

120 842 134 862 ,.
144 812 201 855 enim
215 809 346 864 inscribunt,
368 812 394 856 de
409 811 541 858 distindlione
556 812 700 874 quantitatis&

120 891 168 928 „re
180 890 272 938 quanta,
285 877 313 922 de
323 878 417 922 maximo
428 882 451 923 ὅ(
462 879 563 927 minimo,
571 877 598 922 de
608 875 700 926 infinito,

119 971 135 997 ,‚
144 942 171 986 de
180 942 300 988 intentione
311 971 318 992 ‚
334 943 360 988 de
366 941 501 993 remiffione‚
519 945 544 989 de
555 944 711 1004 proportioni*

119 1005 184 1060 „bus
197 1011 219 1053 δε
234 1005 350 1069 gradibus,
366 1009 436 1070 deque
449 1007 491 1055 aliis
505 1007 649 1074 hujuscemodi
657 1006 699 1054 sex-

120 1102 135 1124 „
144 1073 221 1122 centis,
233 1088 279 1133 quae
291 1088 332 1135 ego
346 1075 420 1124 etiam,
432 1090 480 1119 curn
492 1091 530 1120 nec
542 1072 601 1120 essem
612 1075 698 1136 ingenio
708 1093 710 1096 ’

119 1167 135 1190 „
145 1138 300 1189 nimis'tardo‚
316 1153 355 1182 nec
369 1139 401 1182 his
410 1138 549 1202 intelligendis
560 1155 633 1202 patum
645 1154 699 1184 tem·
734 1154 739 1165 ·

117 1198 200 1263 „poris
209 1204 231 1247 δέ
245 1201 356 1263 diligentie
366 1202 515 1257 adhibuissem,
532 1207 604 1250 animo
618 1203 651 1249 vel
667 1207 700 1249 in-

117 1296 132 1317 „
140 1265 234 1311 ·sormare
244 1282 290 1311 non
302 1280 402 1327 poteram.
419 1269 508 1314 Puderet
517 1287 552 1316 me
562 1271 641 1318 dicere,
652 1284 698 1314 non

117 1329 256 1395 „intelligere
276 1329 291 1376 s1
306 1329 342 1394 ipsr
355 1331 506 1397 intelligerent,
521 1336 557 1398 qui
568 1335 612 1381 haec
623 1334 698 1380 tracia-

116 1411 196 1449 „tunn

172 1459 321 1508 Pellimorum
333 1476 403 1509 autem
417 1461 526 1510 srudluum
543 1463 620 1509 horum
637 1461 697 1525 culpa

116 1542 163 1572 non
174 1526 356 1588 inPhilosophiam
368 1533 391 1573 δι
403 1528 530 1575 dialeeticam
548 1528 576 1573 est
589 1526 698 1574 conseren-

77 1605 82 1621 ‘·
117 1593 155 1642 da,
170 1608 241 1653 neque
259 1593 308 1637 hinc
325 1589 405 1638 occafio
425 1593 525 1639 sumenda
540 1595 697 1640 condemnandi

116 1673 165 1707 eas,
181 1656 342 1719 Theologoque
354 1657 437 1718 prorsus
452 1660 578 1704 interdicere.
615 1660 695 1722 Negari

114 1720 214 1785 profesio
230 1724 305 1783 nequit
320 1724 418 1767 omnium
431 1720 554 1769 defectuum
566 1727 611 1786 jure
625 1740 695 1785 repre-

114 1788 235 1834 hensorumv
255 1789 360 1849 originem
383 1801 447 1849 atque
473 1787 554 1834 sontem
569 1788 626 1834 hunc
643 1787 693 1841 elle,

114 1854 191 1898 exinde
211 1867 282 1897 tamen
298 1868 344 1896 non
360 1852 388 1896 est
400 1852 561 1916 colligendum}
576 1854 637 1914 qnod
647 1854 695 1899 Phi-

114 1916 209 1979 losophia
236 1931 301 1978 atque
316 1916 422 1962 dialcetica
442 1918 520 1964 nullius
537 1918 598 1981 plane
612 1917 658 1963 usus
671 1920 694 1962 in

114 1982 233 2045 Theologia
243 1979 294 2032 fine,
311 1983 416 2043 quodque
426 1999 462 2027 eas·
467 1985 488 2027 in
495 1998 565 2029 torum
572 1985 652 2047 rejicere
658 1984 694 2028 de·

114 2044 217 2092 beamus:
234 2046 322 2091 alterurn
341 2047 384 2092 hoc
394 2062 511 2093 extremum
526 2046 572 2093 esset
577 2077 584 2097 ,
595 2050 617 2092 in
633 2048 693 2110 quod

114 2126 142 2155 ne
152 2112 239 2161 incidas,
250 2112 367 2157 cavendnm
377 2109 421 2157 tibi,
449 2115 484 2158 De
494 2112 625 2174 Philosophia
636 2114 693 2158 enirn

114 2191 161 2221 non
170 2175 226 2220 aliter
230 2178 368 2239 judicandum
375 2192 398 2222 ac
411 2177 438 2221 de
449 2178 495 2222 sana
501 2178 593 2223 hominis
599 2181 692 2224 ratione:

114 2242 163 2304 quia
173 2238 319 2303 Philosophia,
329 2242 414 2305 proprie
425 2239 536 2307 loquendo
546 2272 554 2299 ‚
569 2243 629 2294 nihilv
637 2242 694 2289 aliud

657 2307 695 2362 est,
