1495 2681
116 118 154 177 74
192 107 361 188 Mr'rnonus
377 107 628 164 SrumrTreeoron.

115 278 216 326 sanorum
239 280 350 327 austerum
372 280 476 341 percipere
493 276 572 343 poffis,
589 277 695 323 cavendus

115 359 188 408 tamen
198 352 221 393 δι
231 347 340 393 evitandus
351 347 393 412 ejus
402 343 478 392 abusus
486 346 515 392 est
525 342 601 392 sedulo.
621 352 653 392 10.
659 342 695 389 Ne

115 412 187 459 studio
198 413 248 460 huic
258 412 304 475 plus
317 426 381 474 aquo
392 414 494 473 temporis
502 412 621 475 impertias,
632 410 694 455 nimi-

115 493 199 542 umque
207 480 230 524 in
243 478 360 525 excolendo
367 495 394 523 eo
401 478 499 540 desudes3
507 476 612 544 juveniles
620 478 637 522 ei
643 478 694 522 anni

113 543 221 591 tribuendi
238 546 301 597 lunt,
317 542 398 606 quibus
412 546 523 606 ingenium
543 545 570 590 ad
591 543 707 609 ejusmodi

114 612 210 659 exercitia
218 611 321 673 imprimis
331 623 415 671 aptum,
425 624 540 675 rerumque
547 610 624 656 altioris
633 609 694 655 iuda⁴

114 680 169 742 ginis
182 679 252 722 minus
273 674 342 720 adhuc
351 688 424 734 'capax
440 675 489 735 est3
511 676 544 722 led
555 672 693 738 proveolioris

112 745 178 790 aetatis
189 742 257 787 homo
267 740 324 787 &ad
335 736 470 786 finnionem
482 740 646 794 ecclefinsticam,
662 757 693 788 ta.

113 808 176 872 leque
183 823 276 861 munus,
287 806 348 870 quod
353 804 473 853 sublimiora
483 806 550 854 studia
562 806 633 870 poscit,
643 825 693 854 eve.

112 876 172 925 Otus,
182 874 281 936 adeoque
289 872 430 936 Theologiam
438 870 629 936 proseisuspublice
634 876 691 936 graui

110 941 254 1005 imprudentia
266 954 382 1003 peccaret,
402 938 417 985 fi
433 943 556 1002 praecipuam
572 940 691 988 studiorum

73 1052 75 1056 ,
111 1005 571 1071 suorumcuraminejusmodilaboresrellet
581 1007 691 1054 insumere.

76 1100 77 1103 =
111 1077 136 1122 In
149 1073 249 1121 Concilio
256 1071 414 1135 Carthaginenfi
419 1087 503 1133 quarto,
508 1090 589 1120 canone
598 1076 631 1120 16.
641 1075 689 1132 Epi-

110 1141 177 1201 scopis
187 1137 280 1185 leuione
289 1136 395 1184 librorum
405 1139 538 1185 ethnicorum
549 1141 689 1185 interdicitur:

110 1206 221 1268 Eprstqrur,
231 1202 323 1250 Concilii
331 1204 394 1249 verba
405 1204 464 1255 sunt,
470 1208 576 1268 gentilium
582 1206 641 1251 libros
650 1220 688 1251 non

109 1273 171 1334 legat,
178 1287 204 1316 ex
214 1269 247 1315 his
257 1270 369 1315 Gratianus
379 1269 476 1333 reguiam
485 1273 543 1326 cudit
554 1274 575 1316 in
593 1270 638 1319 dist.
652 1276 688 1330 37'.

108 1354 180 1399 capr.
195 1335 216 1381 S.
228 1336 343 1398 Gregorius
351 1337 501 1382 Nazianzenus
511 1336 641 1398 epistola43.
668 1338 687 1384 S.

109 1403 239 1466 Gregorium
249 1399 367 1460 Nyffenum
378 1404 467 1466 graviter
472 1403 617 1466 reprehendit,
628 1400 688 1467 quod

107 1469 193 1517 leuioris
201 1470 285 1522 muneri
295 1469 314 1513 le
324 1466 449 1519 subducere,
459 1473 482 1514 &
496 1470 626 1517 Rhetoricen
638 1485 688 1533 pro-

108 1535 162 1582 fiteri
168 1549 248 1598 pararet
260 1551 265 1578 :
280 1548 353 1596 neque
361 1534 407 1596 plus
419 1538 482 1596 parcit
491 1537 511 1581 S.
517 1537 631 1597 Gregorius
639 1539 687 1581 Ma-

108 1617 164 1666 gnus
188 1598 300 1647 Defiderio
322 1598 559 1664 VienensreEpiscopm
583 1597 687 1665 eoquod

107 1669 273 1714 Grammaticam
288 1664 418 1730 quibusdam
436 1680 555 1730 exponereta
590 1666 634 1713 Lib.
649 1669 686 1714 IX.

106 1736 145 1795 Ep.
153 1742 192 1795 48.
235 1732 386 1796 pervulgatum
401 1731 448 1789 est,
463 1735 524 1796 quod
542 1733 688 1794 Hieronymus

106 1799 146 1846 hale
156 1801 183 1846 de
193 1814 228 1851 re,
237 1815 285 1862 quae
296 1796 332 1845 fibi
338 1793 377 1861 ipsi
387 1800 517 1862 contigerant
521 1794 604 1852 erescit,
609 1815 688 1861 nempe

107 1866 261 1915 enumerans,
272 1866 340 1921 Plauti
351 1865 485 1928 aliorumque
496 1866 609 1911 rublorum
617 1863 668 1927 pros
676 1891 686 1900 ·

107 1947 187 1978 norum
198 1929 286 1977 lcfilioni
298 1929 388 1977 nimium
399 1931 518 1984 inhereret,
533 1946 570 1993 per
580 1928 685 1978 vifionern

108 1996 178 2060 spiriru
195 1996 222 2043 ad
231 1996 324 2044 tribunal
336 1996 390 2061 JElu
409 1996 487 2043 Christi
503 1997 683 2060 prorradium,ibi.

107 2079 151 2126 que
161 2077 247 2124 propter
258 2063 368 2128 gentilium
380 2061 483 2109 librorum
493 2063 684 2128 leoiionernflagris

69 2139 71 2141 ’
107 2126 180 2175 eaelum
192 2127 251 2174 fuisse
268 2128 365 2193 stipulari
381 2130 429 2175 dein
447 2144 513 2174 manu
534 2128 626 2189 polliceri
637 2146 686 2176 coa·

107 2193 168 2240 stum
179 2224 185 2242 ,
201 2192 263 2242 libros
274 2213 311 2243 eos
320 2212 366 2241 non
375 2193 464 2259 amplius
474 2194 493 2240 le
503 2194 615 2255 leoluruni.
651 2198 686 2241 In.

106 2259 347 2323 terimregulaeistaenon
358 2278 422 2328 aquo
432 2262 686 2314 nimis-extendendum-

644 2342 687 2391 que
