1495 2681
131 88 222 162 chrr
235 83 428 142 institurum.
448 79 568 137 crant.
608 84 642 137 61

67 211 116 239 nam
127 192 141 238 fi
153 190 332 251 Austornr'tgis&
344 185 420 232 fabulis
431 184 558 250 effingendis
570 187 599 232 est
608 191 645 232 ad-

67 258 135 307 suetus
143 290 153 312 „
171 255 186 303 sr
199 258 267 302 horno
276 253 305 299 est
315 251 377 299 stulte
388 251 496 303 credulus,
507 255 588 316 quique
594 268 645 298 cun-

48 374 49 377 Ἴ
68 327 113 375 dra,
127 340 173 386 quae
185 322 277 370 audivit,
295 317 337 364 line
347 316 573 384 delectufinejudicio
585 320 646 364 chat-

68 394 94 437 tis
104 389 182 435 illinere
193 385 306 435 consuevit,
311 386 343 431 cui
348 383 428 446 volupe
434 385 474 434 est,
483 387 571 431 incertas
580 400 645 447 quas.

66 459 97 503 vis
108 453 191 501 sabellos
202 452 306 514 conligere
318 465 382 512 atque
397 449 549 502 consarcinare,
559 450 593 498 vel
604 447 643 496 fibi

66 519 105 585 ipsi
113 520 166 567 fietis
175 515 329 566 narrationibus
340 519 450 579 imponere
461 533 469 578 3
485 514 644 580 huics1‚quod

65 590 88 633 in
106 589 200 634 medium
213 581 308 646 profert,
328 582 406 630 nullius
423 582 475 630 alius
491 583 557 646 magis
571 584 659 629 idonei'

66 654 158 699 auc‘toris
178 651 300 697 testimonio
321 648 486 713 comprobetur,
501 664 577 712 patum
594 646 643 693 fidei

66 719 247 763 commodandum
254 717 350 781 elbjuxta
361 716 467 778 regulam5
477 714 575 766 mendaci,
580 718 644 763 etiam

66 798 118 827 vera
124 784 203 835 dicenti,
209 782 346 828 renotentur.
353 780 454 827 Verutnfi
465 784 497 828 vir
507 777 535 827 est
544 779 642 832 bucerus,

65 845 151 909 fideque
161 849 250 911 dignus,
262 844 341 892 ladrum
354 843 443 892 reserens
453 877 461 899 ‚
477 849 509 892 cui
519 845 560 910 ipse
570 845 642 893 ocula-

65 925 100 957 tus
111 912 164 957 tellis
172 909 274 961 interfuit,
287 926 332 956 non
345 910 384 959 est,
395 913 455 972 quod
463 913 485 955 in
496 913 585 957 dubium
598 913 642 975 eills

29 998 32 1003 ·
65 978 187 1023 relationem
193 993 229 1023 aut
235 993 304 1026 voces,
311 974 469 1022 saltemsrnullae
479 976 570 1039 probent
580 979 643 1022 ratio·
729 1009 731 1012 -

65 1059 103 1088 nes
113 1058 182 1092 cerne,
192 1044 302 1104 deceptum
314 1057 365 1087 eum
380 1038 449 1093 luisse,
459 1040 518 1105 sique
527 1040 606 1088 nuum
617 1041 644 1089 il·

63 1107 102 1154 lud
111 1125 157 1155 non
171 1105 233 1153 suerit
245 1109 346 1173 ejusmodi
358 1122 434 1153 nature
450 1106 491 1155 slve
507 1110 649 1163 conditionis,

65 1177 117 1220 utin
128 1174 204 1220 eodem
216 1175 282 1237 decipi
293 1173 326 1219 ille
336 1170 491 1236 sacilepotuetit
504 1193 512 1236 3
528 1179 550 1221 &
562 1173 643 1220 tibiali-

15 1277 18 1280 .
65 1242 122 1287 unde
133 1240 297 1302 nonsupperunt
306 1255 440 1302 argumenta,
453 1257 501 1303 que
507 1241 585 1302 lapsum
593 1257 641 1287 vete

63 1304 122 1352 luisse
131 1304 228 1367 probent.
261 1307 391 1367 Ceteroquin
402 1308 463 1351 etiam
476 1309 498 1351 in
511 1305 583 1359 sraelis,
593 1323 641 1368 qun

64 1388 91 1418 ex
106 1371 195 1417 aliorum
207 1370 247 1416 fide
262 1373 321 1417 tradit
337 1375 369 1417 vir
380 1371 472 1433 probus,
487 1371 539 1418 fides
556 1369 593 1433 ipsi
603 1372 641 1417 ha-

64 1437 133 1483 benda
143 1436 196 1489 est,
213 1434 291 1481 fincta
308 1436 354 1481 sunt
365 1436 459 1497 publica,
474 1438 500 1482 de
512 1438 590 1500 quibus
601 1435 648 1492 salli

63 1504 190 1565 nonpotuit.
206 1502 246 1546 Sed
256 1499 269 1546 fi
280 1501 386 1547 factasunt
394 1503 520 1565 particularia
531 1502 641 1555 &serrem

63 1585 110 1615 tuin
122 1572 196 1614 vetitas
207 1567 233 1612 ab
246 1583 320 1612 eorum
328 1568 455 1614 'auctoritate
468 1568 560 1631 suspendi
571 1567 641 1620 debet,

59 1636 101 1684 ,abs
113 1634 191 1697 quibus
200 1633 237 1678 ille
245 1634 334 1679 edoctus
346 1634 380 1679 est.

132 1703 180 1745 Hoc
191 1715 214 1747 ut
225 1698 279 1744 bene
287 1698 427 1763 intelligatur,
437 1701 494 1760 tertia
505 1699 534 1746 ell
544 1700 640 1747 addenda

64 1764 146 1829 regula:
161 1767 252 1811 Suntres
263 1766 360 1826 quadam
370 1764 440 1827 sulpte
447 1765 519 1811 natural
526 1769 639 1829 magistre·

63 1831 135 1877 dibiles
145 1846 210 1893 quarn
219 1829 265 1875 sunt
275 1828 316 1877 aliae
326 1846 331 1874 ε
348 1832 424 1877 dantur
433 1834 484 1876 item
495 1830 549 1877 sadla
559 1830 600 1877 five
606 1848 639 1878 res

47 1947 49 1951 7
63 1897 137 1960 gestae,
148 1897 174 1942 de
185 1892 263 1959 quibus
274 1895 365 1941 historici
376 1893 459 1941 necsalli
465 1891 542 1942 temere
548 1894 640 1958 possunt,

64 1979 103 2008 nee
112 1964 163 2008 alios
174 1957 260 2006 salleni
272 1961 394 2025 hujusmodi
406 1962 452 2007 sunt
466 1978 498 2014 res
508 1961 591 2023 publice
602 1981 639 2027 ge-

27 2054 29 2057 >
63 2027 96 2072 stae
102 2058 110 2081 ‚
118 2026 209 2091 insignes
218 2041 281 2088 atque
287 2026 316 2071 ob
321 2022 424 2090 fulgorem
431 2029 511 2072 nemini
520 2044 638 2076 nonnotae:

60 2093 189 2155 impossibile
202 2092 241 2141 est,
256 2093 370 2138 Auctorem
387 2106 444 2137 tanta
460 2095 481 2137 in
497 2092 544 2139 lnce
553 2125 561 2147 ‚
577 2098 638 2158 quod
652 2151 654 2153 ‚

62 2158 195 2206 substantiam
203 2157 251 2204 sadi
258 2160 332 2204 attinet
339 2156 392 2211 ,salli
399 2156 488 2220 potuilse
493 2189 500 2211 ‚
508 2160 587 2207 etiamst
599 2160 638 2207 saln

46 2251 49 2254 ,
61 2224 93 2272 sur
104 2223 142 2281 ell'e
153 2223 403 2293 pollitincitcumllantiis
411 2241 421 2290 5
430 2228 459 2271 δέ
469 2225 638 2339 impolliblileest,

77 2309 78 2312 ¹
583 2309 638 2339 omr-
