1495 2681
112 119 161 185 v62
198 113 368 171 Meruoous
385 114 638 190 SrunuTuigoiorj

131 196 707 211 Q——ffl--q

124 219 238 265 hominem
252 220 372 280 pudorem,
388 220 464 272 fidem,
475 226 497 267 δε
512 225 618 266 veritatem
633 222 660 264 ita
671 221 706 265 de·

125 282 295 349 eoquerepolse‚
307 286 357 330 urin
368 286 431 331 rebus
441 284 610 332 adeomanisestis
621 283 704 331 instau-

125 353 175 398 dem
188 350 239 396 alios
249 351 347 395 inducere
357 349 470 412 prasumat.
503 353 585 398 Dantur
595 351 662 401 rursus
672 367 704 397 res

125 415 258 481 particulares
268 418 340 475 paucis
352 419 421 461 modo,
435 417 538 477 personis,
553 420 586 464 vel
603 419 639 464 uui
657 431 703 462 tan-

126 497 173 528 turn
184 480 283 525 historico
295 495 357 525 notat.
369 481 472 541 Resperiu
484 485 586 542 priorum,
593 497 638 529 ratae
647 498 703 545 quo·

125 562 169 610 que
179 546 306 592 certitudinis
312 546 369 595 suut,
380 543 425 589 stab
431 544 555 594 horninibus
565 550 703 598 sunrtradirae,

124 614 163 676 qui
174 614 228 657 inter
238 609 297 656 testes
308 609 401 654 oculatos
406 612 510 674 uixerunr.
542 614 666 660 Posteriores
676 611 703 659 ab

124 680 244 738 incorrupta
250 674 346 722 Auctoris
356 671 409 725 fide,
422 673 464 722 live
471 675 502 723 'ab
511 680 549 730 iis,
560 679 571 723 a
584 679 663 741 quibua
673 696 703 725 re-

124 744 165 789 lata
176 742 328 804 accepitgesta‚
337 741 463 805 dependent.
496 746 583 789 Horum
595 744 703 790 autemsa-

124 808 210 854 &orum
220 824 242 853 ea
252 810 343 852 maxime
353 806 467 853 verisimilia
478 807 536 857 sunt,
544 824 591 870 quae
600 808 646 865 sunt
657 825 703 854 non

123 872 205 921 insolita
213 890 284 936 neque
301 871 427 930 inconsulta,
442 889 531 935 quaque
543 873 604 919 testes
613 890 659 919 non
671 873 704 920 lu·
741 897 743 901 >

123 940 188 1003 spedri
199 955 334 988 manavere,
350 940 369 985 ὲ.
379 956 472 1001 quorum
487 956 509 985 re
517 956 562 985 non
577 954 631 989 erat,
640 956 703 985 exco-

124 1011 188 1070 gitare
198 1004 249 1050 illa:
266 1007 337 1050 minus
346 1003 461 1051 verifimilia
473 1005 531 1055 sunt,
544 1021 593 1069 quae
605 1006 631 1050 de
644 1001 704 1052 sartis

123 1073 171 1118 sunt
183 1072 347 1117 extraordinariis
357 1101 364 1120 ,
374 1070 400 1116 ab
413 1073 441 1116 eis
451 1071 511 1116 relata
521 1070 629 1133 personis,
646 1087 703 1132 quo-

122 1154 171 1186 rum
183 1139 294 1189 intererat,
309 1150 332 1182 ur
340 1152 388 1184 vera
397 1134 472 1186 elicui,
483 1135 516 1183 vel
527 1138 658 1183 crederentur
667 1135 704 1182 sal-

122 1220 173 1252 tem.

97 1316 100 1320 ,
191 1268 240 1314 Hoc
250 1264 332 1330 ipsum,
347 1264 404 1329 quod
411 1269 502 1327 interest,
510 1265 552 1313 five
563 1269 654 1329 partium
660 1265 704 1311 stu-
721 1300 723 1302 ψ

123 1338 183 1384 dium
194 1333 228 1380 vel
237 1331 267 1379 ob
274 1335 377 1394 privatum
387 1333 540 1385 commodum,
552 1333 585 1379 vel
600 1331 629 1378 ob
639 1331 703 1378 alium

123 1399 241 1466 quemlibet
251 1401 328 1445 mentis
343 1396 450 1443 adserium
461 1412 540 1460 'quarta
555 1398 630 1461 'regule
641 1414 702 1443 occa·

123 1468 203 1516 fionem
214 1463 313 1529 praebet:
334 1463 443 1510 Historicis
458 1480 485 1508 eo
501 1466 570 1527 magis
581 1462 703 1525 fidendum,

123 1552 169 1599 quo
182 1535 253 1579 minus
262 1531 352 1593 partium
364 1529 433 1574 studio
445 1528 555 1590 indulgent
564 1544 574 1585 3
590 1545 638 1574 nam
648 1526 702 1575 sivel

124 1602 199 1648 odium
210 1598 243 1645 vel
252 1611 313 1643 amor
323 1610 360 1657 per
371 1594 424 1657 ipsos
433 1593 539 1656 loquitur,
551 1595 702 1658 rumveladanr

124 1663 322 1730 exaggerationibus
333 1665 356 1706 &
370 1660 451 1706 cursum
462 1657 563 1720 orationis
579 1660 612 1706 vel
621 1662 646 1706 ad
655 1677 701 1725 gra·

123 1737 174 1780 tiam
184 1737 206 1777 δε
217 1730 358 1778 commodum
369 1755 375 1776 ‚
392 1725 425 1771 vel
436 1726 461 1769 ad
471 1726 545 1770 odium
556 1742 579 1770 ar
589 1727 702 1772 detrimen·

122 1815 169 1847 tum
178 1796 317 1861 malignantes
327 1792 440 1838 inflectunt
450 1807 456 1834 :
474 1793 702 1854 quin&c0nrentionis

123 1866 183 1913 astus
195 1862 221 1908 ei>
235 1863 368 1925 quandoque
381 1857 428 1902 illos
445 1858 520 1920 adigit,
536 1872 559 1902 ut
574 1856 702 1919 exprobrent

123 1934 177 1995 patri
187 1925 273 1974 adversa
279 1954 287 1979 ,
303 1939 401 1988 quaenon
411 1939 435 1968 ex
446 1925 505 1968 omni
513 1938 576 1983 ,parre
586 1933 633 1968 vera
644 1922 701 1972 sunta

124 1999 156 2042 uti
167 1996 212 2042 sane
222 1996 372 2056 sepenumero
382 1990 462 2040 accidit,
467 2003 490 2032 ut
496 1989 541 2040 viri,
552 2005 608 2050 quor
617 1990 702 2051 optirnae

123 2062 172 2109 fidei
183 2073 265 2123 putares
274 2059 383 2120 utrinque,
396 2052 558 2100 minimetameu
568 2054 702 2101 inrecenlen·

125 2131 157 2175 dis
170 2125 245 2177 rebus,
255 2140 307 2187 quas
322 2122 372 2168 alter
389 2120 445 2166 alteri
458 2119 561 2180 imputat,¹
575 2122 707 2167 conveniant.

124 2205 235 2256 eapropter
244 2206 316 2236 tamen
332 2187 465 2234 statuendum
483 2202 529 2231 uon
543 2184 584 2236 est,
595 2187 707 2233 hominem

124 2276 162 2309 aut
170 2257 292 2306 historicum
305 2256 410 2319 aliquem,
425 2250 510 2300 simulac
525 2250 552 2298 ab
568 2251 630 2301 altera
646 2267 704 2364 pprte

671 2333 705 2365 are
