1495 2681
105 118 160 174 nn
195 99 617 173 MernoousSruonTueoaon

178 224 212 269 Ad
224 239 320 286 quartam
331 225 456 272 methodum
467 221 545 285 Postilla
557 215 687 284 referri'polg

63 337 65 340 ,
109 284 162 334 sunt.
170 321 172 325 -
179 289 313 336 Vocabulum
321 292 349 337 est
360 289 473 338 barbarum
480 306 505 336 ex
510 284 592 336 duabus
602 285 684 337 voculis

105 356 151 417 post
167 355 202 400 iila
212 354 354 417 compofitum
365 386 372 410 ‚
385 371 435 419 quae
452 372 515 402 voces
532 352 683 416 interpretatio-³

110 420 134 463 ni
145 417 239 464 solebant
248 423 345 481 praemitti
356 438 361 466 τ
377 423 423 482 Post
431 422 467 467 illa
481 421 543 468 verba
554 420 580 464 ad
589 419 684 464 indican-

111 483 565 549 dumlocum2quemexplicatiorespiciebat.
595 485 684 531 Nomen

110 548 154 594 hoc
161 550 325 597 Commentariis
335 546 365 596 vira
379 551 439 595 Sacra
448 551 527 602 Biblia,
538 552 685 618 ,cujuscunque

112 618 195 676 generis
201 614 270 664 essent,
277 617 404 661 duodecimo
415 630 479 675 arque
488 618 570 662 decimo
581 617 641 661 tertio
648 616 684 658 Se·
696 635 698 638 ·

112 677 162 726 culo
177 681 317 726 communiter
329 678 369 725 suit
382 678 504 739 impofitum
522 695 530 732 ;
550 680 686 743 &quamvls

113 747 170 790 notis
182 744 332 790 tantummodo
343 742 474 791 brevibus&
485 743 597 807 literalibus
608 758 685 792 couve-

112 811 159 853 nite
169 810 262 854 videatur
272 840 278 860 ‚
294 826 356 873 aeque
364 824 434 856 tamen
445 810 599 855 commentariis
608 805 687 868 diffusis

113 886 177 935 atque
187 873 301 938 allegoricis
311 876 345 922 vel
354 874 469 921 moralibus
480 873 582 920 tributum
592 872 631 919 suit
639 890 647 935 ¹:
660 871 687 917 fie

113 937 201 985 Postilla
211 943 300 1003 propriae
314 940 439 1003 loquendo,
455 957 493 1002 pto
506 938 604 1002 peculiari
616 939 686 986 Com-

115 1006 267 1068 mentatiorum
277 1003 341 1066 specie
351 1007 451 1053 venditari
459 1018 574 1067 nequeunt.

200 1070 306 1137 Qntam
330 1070 471 1133 explicationis
495 1072 558 1116 Sacra
580 1067 688 1129 Scriptura

116 1132 243 1195 methodum
253 1137 276 1179 in
287 1138 411 1199 antiquitate
423 1133 626 1183 comministram,
635 1130 688 1194 qimi-v

116 1212 160 1259 que
170 1200 239 1243 Patres
248 1199 376 1246 anaximeni
384 1201 442 1250 sunt,
454 1201 583 1247 constituunt
593 1198 688 1245 Homine,

116 1262 129 1307 i.
134 1278 152 1307 e.
164 1262 312 1311 dissertationes
317 1265 351 1311 len
356 1267 468 1313 Sermones
479 1267 504 1311 ad
510 1264 626 1327 populum,
633 1261 689 1323 qu‘os

116 1326 174 1373 latini
182 1327 335 1391 aliiettaclatrrs
343 1330 460 1383 vocabant,
472 1346 562 1393 quaque
573 1323 690 1389 hodievul·

116 1408 146 1455 go
157 1394 295 1441 Concionum
307 1394 349 1454 sive
360 1402 476 1443 Sermonum
486 1397 574 1441 nomine
588 1393 676 1438 veniunt
681 1411 689 1448 5

117 1472 167 1502 nam
180 1458 283 1505 ordinaria
293 1463 378 1506 materia
389 1459 492 1507 sacrorum
505 1460 625 1506 sermonum
632 1456 689 1518 apud

74 1541 82 1581 ⁵.
117 1524 188 1568 Partes
198 1539 241 1568 erat
255 1525 364 1587 explicatio
380 1528 442 1572 Sacre
452 1526 566 1587 Scriptura.
598 1519 687 1582 Legeba-

118 1584 688 1651 turpriusinEcclefia‚dtquantumrecitabatundein·
730 1633 736 1637 ,

118 1667 166 1713 ceps
187 1654 325 1715 explicabatur
341 1653 367 1699 ab
390 1652 474 1700 ecclesie
491 1650 615 1699 nonoribus
639 1666 689 1696 con-

53 1773 55 1777 ‚
116 1714 226 1763 suetudine
234 1722 311 1780 Judais
321 1719 372 1764 olim
382 1718 453 1764 usitata
459 1749 466 1773 ‚
482 1734 546 1780 quam
555 1714 689 1777 Apostolite·
703 1735 709 1741 ¹·

117 1782 243 1836 tinuerunt,
265 1789 287 1830 δε
294 1786 364 1830 omnis
375 1783 386 1828 d
398 1783 501 1846 prioribus
512 1780 587 1829 Seculis
597 1779 690 1827 Ecclefia.

116 1849 141 1893 In
151 1848 182 1893 lais
192 1846 292 1894 Homiliis
304 1852 372 1895 Patres
383 1850 484 1895 ordinarie
495 1847 523 1893 ab
534 1848 594 1892 initio
602 1845 689 1890 litteram

117 1924 194 1962 textum
201 1910 214 1958 fi
221 1930 263 1976 qua
274 1910 393 1960 difficultate
403 1916 522 1975 impeditior
533 1908 690 1961 videbatutmx»

118 1975 232 2037 plicabant,
243 1994 266 2024 nc
277 1976 355 2024 facilem
367 1993 415 2023 eum
427 1978 549 2040 clarumque
559 1973 691 2037 populoced-

118 2040 206 2097 decent,
224 2043 274 2089 inde
288 2044 314 2089 ad
326 2041 432 2105 allegorias
443 2041 484 2088 five
500 2040 585 2087 moralia
604 2056 690 2103 progre-

90 2122 92 2125 ’
118 2104 233 2153 diebantur.
266 2107 338 2172 Aliqui
351 2114 454 2154 tamen&
465 2106 520 2155 bene
529 2105 601 2155 multi,
611 2103 690 2150 lenium

116 2168 214 2215 literalem
223 2174 329 2219 interdum
341 2172 493 2237 negligebant,
508 2171 608 2232 aclapius
620 2172 691 2231 primis

117 2247 200 2282 tantum
208 2234 265 2285 labiis
274 2255 325 2286 enm
335 2238 483 2303 degustabant,
495 2252 570 2302 parurn
584 2249 691 2283 curantes,

613 2319 615 2322 ’
637 2315 690 2346 num
