1495 2681
69 157 71 159 ’
120 194 122 196 ‚
145 141 201 187 2'20
214 125 400 189 ‘Mamonus
414 125 667 206 SeuuuTHEoLQu.

77 270 78 273 ¹
144 278 160 302 ‚,
171 250 289 293 Academia
300 251 455 310 huicPaparum
462 251 547 311 quidam
555 248 610 310 istud
617 249 674 292 dedit
680 249 725 292 eio-

143 343 159 365 „
172 310 246 377 giumg
253 317 309 359 Inter
318 330 393 359 omnes
399 314 488 378 reliquas
499 315 541 365 illa,
558 328 581 357 ut
593 312 658 358 stelias
669 314 724 358 inter

144 411 160 432 „
169 380 322 442 iunafminores
333 377 437 429 coruscat,
451 382 546 443 adeoque
561 395 635 425 omnes
646 378 724 424 mundi

143 476 158 497 ,‚
168 446 291 490 Academias
301 444 411 506 splendore
426 446 462 492 {uo
474 445 553 509 supetat
560 477 567 498 ,
589 443 670 507 ubique
681 460 722 489 teta

141 541 157 564 „
166 525 235 556 tarum
246 508 331 558 scientia
342 528 406 574 atque
417 514 506 557 veritatis
517 514 585 558 radios
594 512 676 561 emittit,
683 513 721 571 qui

142 606 158 628 „
169 577 292 637 ignorantia
299 580 416 638 errorisque
425 576 521 624 tenebras
526 575 646 640 dispellunt':
655 577 722 621 Nam-

142 670 157 694 „
168 656 224 703 que,
240 641 296 687 addit
306 641 351 692 iile,
369 658 393 686 ex
403 639 445 701 ipsa
455 656 559 704 tanquam
569 660 595 688 ex
606 637 721 703 limpidiffiss

140 736 156 758 „
165 722 203 750 mo
215 703 276 750 sonte
287 734 295 757 ,
311 703 363 751 sanae
374 720 471 768 vetaeque
484 709 585 755 dodttinae
599 706 661 763 rivuli
670 722 721 769 pro.

138 799 154 824 ,‚
164 769 244 820 fluunt,
257 786 338 832 perque
350 787 427 816 omnes
437 770 520 834 ubique
531 776 628 836 regiones
637 770 675 818 sese
682 769 721 817 dis„

137 865 153 889 ‚,
163 833 268 885 fundunt,
278 833 372 882 falsarum
382 851 454 892 contra
460 839 589 898 opinionum
594 839 670 883 limum
675 837 721 882 elu-

137 931 152 958 ,‚
161 915 217 950 unt,
239 916 312 963 neque
329 917 426 964 unquam
442 903 529 955 accidit,
549 917 573 947 ut
587 902 719 962 lympharum

137 995 153 1019 ‚‚
163 966 218 1012 iilius
228 968 306 1027 puritas
321 967 362 1012 ulla
378 966 499 1029 tempestate
509 970 617 1029 utcunque
627 966 719 1016 horrida,

85 1073 87 1076 .
137 1061 153 1083 ,,
163 1030 225 1077 fuerit
235 1030 319 1077 turbata
327 1063 341 1083 ‚,
353 1049 359 1075 :
382 1031 428 1078 Hac
439 1033 465 1078 de
477 1032 579 1079 Facultate
588 1031 718 1094 Theologica

138 1094 243 1142 Parifienfi
261 1097 341 1141 Gerson
351 1100 374 1142 in
387 1097 484 1143 Concilio
497 1094 649 1144 Constantienfi
664 1096 719 1141 elata

137 1159 718 1223 vueeatqueauimoptoseffusest‚omnitempore‚&ab

136 1224 718 1291 omnibusterraepartibus,immoabipsacurfauomana

136 1291 399 1353 deditiuaequaestionesed
410 1292 488 1339 delatas
498 1296 524 1339 ad
535 1290 639 1339 censuram
651 1289 714 1337 fuisse.

118 1404 123 1418 ι
205 1359 309 1402 Ceterum
319 1359 345 1403 ad
355 1358 436 1409 studia,
452 1375 500 1421 quae
510 1355 716 1416 inFacultateTheo-

133 1423 203 1486 logica
210 1418 316 1468 Parifienfi
330 1422 465 1474 excoluntur,
480 1425 668 1488 tetiogtediamut‚
681 1421 716 1467 illa

134 1489 232 1534 ordinem
242 1487 303 1533 suum
313 1488 439 1551 regulasque
454 1489 488 1536 seu
499 1491 581 1535 Statuta
592 1503 716 1550 acceperunt

134 1569 182 1600 tum
193 1555 205 1599 ὲ
215 1555 273 1615 praxi
283 1557 380 1616 antiqua,
392 1571 438 1601 tum
448 1570 486 1614 per
497 1554 553 1617 leges
568 1551 716 1601 diverfisaem-

133 1618 245 1683 poribusa
258 1621 362 1666 Romanis
379 1618 518 1665 Pontificibus
534 1618 559 1664 ad
576 1618 673 1664 alendam
684 1634 715 1663 re·

132 1683 314 1746 formandamque
337 1685 471 1730 Academiam
502 1681 632 1731 Patifiensem
660 1683 715 1729 latas.

132 1750 304 1798 Constitutiones
315 1765 386 1795 autem
397 1750 485 1796 ttiahaec
495 1749 605 1812 respiciunt
620 1758 651 1796 1⁰0
661 1765 714 1795 tem-

131 1833 172 1878 pus
185 1814 313 1876 cursumque
325 1815 451 1862 studiorum.
469 1825 503 1864 20.
513 1814 725 1878 iestionespublicas'

131 1887 155 1928 δέ
162 1879 292 1944 profeflotea.
310 1891 342 1941 30.
353 1880 436 1943 publica
446 1876 483 1942 per
494 1881 551 1926 astus
564 1882 666 1928 exercitia.

199 1948 275 1992 Nemo
293 1961 366 2008 putet,
385 1946 509 2009 Theologiae
526 1946 617 1992 studium
634 1948 713 2009 exiguo

131 2015 233 2075 temporis
243 2010 310 2074 spatio
320 2009 398 2056 absolvi
405 2009 472 2073 poise,
482 2011 551 2072 piures
561 2010 668 2057 annosiila
675 2008 713 2056 fibi

83 2086 85 2089 ⁴
131 2078 235 2140 deposcit,
253 2079 279 2122 ad
296 2093 376 2122 certum
391 2077 493 2123 dourinae
509 2076 594 2137 scopum
609 2076 712 2125 enitendi,

131 2160 155 2188 ac
167 2159 194 2187 ue
211 2157 256 2188 tota
276 2145 364 2205 quidem
379 2143 465 2188 vita-ad
485 2142 597 2204 persediffm
613 2144 712 2186 omnium

130 2207 354 2269 Theologiaepauium
367 2205 577 2254 notitiamsufficeret.
611 2206 713 2273 the·

130 2275 152 2320 vi
163 2288 209 2319 eam
222 2287 322 2334 teinpote·
334 2275 457 2321 tradendam
465 2272 587 2337 suscipiam,
599 2269 713 2337 turpitet‘se

656 2392 659 2396 .
679 2337 715 2383 de·
