1495 2681
111 101 165 173 258
205 96 373 167 Meruonus
384 98 483 153 Srunu
495 92 640 161 Trarotoe.

112 212 161 258 caris
168 212 281 259 virtutibus
291 211 385 274 populus
395 213 520 260 erudiendus
528 212 600 259 &ad
594 212 697 275 imiratio-

113 293 165 325 nem
176 280 297 326 excitandus
310 277 345 323 est.
593 316 605 327 ι,

182 346 338 391 Indicavimus
329 359 373 409 Jam
384 347 473 393 Parrum
481 291 696 407 aliorumqueauslo·

114 425 162 458 rum
173 427 237 474 opera
247 410 367 459 oratoribus
384 410 440 459 sacris
450 412 506 459 lectu
517 408 622 473 perutilia,
635 409 695 456 tellat

114 493 184 529 nunc,
195 491 219 521 ut
229 476 344 539 quomodo
355 476 437 541 legendi
446 477 498 537 sint,
515 480 548 525 hic
557 475 694 540 explicemus:

116 551 149 592 10.
159 541 303 589 Necessarium
315 544 356 595 est,
366 559 390 589 ut
400 541 505 605 Scriptura
516 546 581 593 Sacra,
592 544 694 604 imprimis
722 557 723 562 ¹

87 607 205 655 ‘vinatales
217 611 297 656 Veteris
303 608 432 655 Testamenti
437 609 482 667 libii
493 626 546 675 egr.
555 609 635 660 Psalmi,
642 611 694 663 Pro«

113 673 197 726 verbis,
212 671 339 720 Ecclefialles
349 704 356 725 ,
368 673 534 728 Ecclefiasticus,
544 676 596 734 libet
606 676 693 738 Sapien-

112 743 145 786 tiae
156 754 271 803 totumque
283 742 375 785 Novum
385 740 545 787 Testamentum
559 758 601 803 una
592 741 658 787 serre
665 740 691 787 le

112 806 185 869 gendo
198 821 262 866 atque
275 806 397 851 meditando
409 807 561 853 exhauriatur:
583 809 694 869 Scriprutis

112 874 171 917 enim
182 869 256 933 quast
250 874 371 918 mnuttiaris
382 887 478 935 oportet,
491 874 574 919 cumeis
588 888 692 919 eamcon·

113 938 182 984 trahas
193 937 369 989 familiaritatem,
386 953 410 985 ut
417 979 418 982 ,
425 937 529 984 memoria
541 940 624 1000 penitus
633 955 693 984 com-

115 1004 264 1065 pleslatis„ira
280 1019 303 1049 ut
318 1018 386 1065 quum
402 1007 455 1050 ratio
470 1005 578 1066 postulat,
596 1004 696 1065 expedite

53 1122 55 1126 ¹
116 1085 207 1132 quaeque
216 1071 340 1131 depromere
354 1072 414 1115 &ad
432 1071 479 1116 usus
495 1069 585 1116 morales
598 1067 692 1132 apposite
722 1097 723 1102 ι

53 1134 69 1178 ᾗ
114 1134 203 1197 llegare
213 1135 287 1179 valeas
320 1134 691 1194 Nihilotamenminusneceslirium

115 1199 185 1245 estex
201 1202 288 1246 Parrum
310 1198 386 1262 scriptis
405 1192 507 1247 dosltinae
524 1200 607 1246 moralis
623 1205 690 1262 capita

113 1282 201 1316 eruere,
218 1267 355 1330 cogitationes
365 1283 453 1319 eorum,
470 1265 691 1330 immoipsasloquen-

114 1333 135 1378 di
144 1330 259 1377 formulas
254 1348 276 1377 tn
288 1328 442 1384 usumverrere,
452 1330 689 1396 elegantiffimalocaex·

114 1413 208 1460 ccipere,
218 1412 242 1443 ut
259 1395 306 1443 datai
319 1395 384 1443 occas
378 1415 428 1443 one
444 1397 526 1462 allegari
544 1413 637 1460 queant,
652 1415 690 1443 eo

112 1478 205 1525 rumque
220 1462 404 1510 exhortationibus
425 1479 488 1526 atque
482 1437 623 1509 rationibus
639 1479 693 1524 prus

110 1530 184 1575 denter
198 1530 236 1576 uti.
269 1530 367 1591 Qando
376 1533 423 1590 quis
436 1531 619 1575 concionatorum
625 1529 690 1574 hodio

111 1610 213 1640 maxume
223 1592 336 1639 celebrium
351 1594 456 1639 sermones
470 1594 531 1656 legit,
547 1609 621 1639 eorum
631 1593 689 1656 sequi

109 1659 239 1706 methodum
250 1657 325 1707 debet,
335 1675 410 1704 eorum
423 1632 513 1705 modum
523 1674 587 1720 atque
596 1661 689 1705 tationes

110 1727 219 1771 materiam
232 1725 356 1787 digerendi,
372 1740 437 1787 atque
452 1725 530 1787 figuras
542 1723 687 1786 &expressim

111 1807 163 1844 nes,
172 1791 252 1853 quibus
257 1790 286 1835 illi
298 1793 324 1835 ad
333 1793 503 1842 commovendos
512 1793 617 1837 auditores
624 1806 688 1836 utun*

110 1871 144 1902 tur
154 1886 161 1908 ,
178 1857 307 1916 adtendere,
323 1855 357 1901 sed
368 1872 437 1902 caveat
449 1855 497 1906 fibi,
517 1873 545 1901 ne
556 1856 675 1902 serviliter'
663 1871 687 1902 us

11 1929 13 1932 '
54 1953 58 1957 ,
108 1920 222 1981 addidlus,
239 1938 276 1968 eos
285 1936 343 1967 totos
354 1922 461 1973 exscribat,
477 1938 501 1967 ut
513 1921 627 1967 nonnulli
622 1923 688 1984 mepri

63 2034 66 2037 ,
102 1978 271 2034 ¹concionatores
284 1984 380 2038 sariunt,
401 2005 437 2051 qur
433 1986 539 2034 aliorum
555 1986 697 2062 Γειιιιοιιίὶιιιει

109 2052 143 2098 vel
153 2052 284 2100 centonibus
295 2070 321 2099 ex
332 2053 442 2101 diverfiss
432 2050 579 2101 sermonibus,
598 2069 654 2114 quos
663 2055 692 2117 in·

108 2132 177 2163 unum
188 2136 265 2180 corpus
280 2116 324 2165 fine
340 2125 435 2182 genuino
452 2134 517 2181 atque
531 2118 620 2164 naturali
631 2133 687 2164 nexu

108 2186 131 2230 ὃ(
141 2186 214 2232 ordine
224 2181 401 2248 conglomerant,
418 2185 518 2248 superbas
529 2183 612 2230 christae
623 2183 686 2296 ‘altrol-

639 2263 684 2297 unt

180 2348 197 2365 Nx

214 2401 218 2410 ι
