1495 2681
30 208 76 259 est,
92 223 157 270 quam
171 207 223 252 tatio
240 202 321 251 exculta
334 218 398 265 atque
408 199 508 265 persedia.
558 195 612 261 Non

29 270 168 319 laborandum
179 270 220 321 eu,
238 283 262 316 ut
274 268 369 329 Mystetia
379 265 439 318 fidei,
449 268 611 330 quaelrationem

29 336 94 403 longe
109 335 223 399 superant,
245 351 282 398 pet
302 335 401 396 principia
418 332 561 396 philosophica
574 334 612 379 de·
664 381 666 383 .

29 419 90 450 mum
100 401 243 452 stabiliantur,
260 399 309 446 esset
317 399 530 446 hoccondemnandae
542 413 610 444 teme·

29 472 92 516 sitatis
101 471 183 520 vitium,
194 470 224 514 uti
235 467 344 532 suprajam
355 466 492 511 ostendimus.
508 468 611 512 Ceterum

29 550 78 581 cum
87 531 245 599 Philosophia,
261 550 309 598 quae
326 531 439 578 naturalem
451 533 612 594 cognitionem,
644 586 645 589 Ἰ

28 603 55 662 pd
70 601 172 664 quamde
191 599 255 646 rebus
270 600 345 645 divinis
355 601 417 663 juxta
434 611 499 659 atque
512 597 610 642 humanis

2 717 3 720 Ἰ
26 669 135 727 perveniri
146 665 235 729 potest,
259 664 422 728 compledlitut‚
443 660 495 709 nihil
512 661 569 709 aliud
585 659 610 707 fit

27 746 93 791 quarn
110 732 150 794 ipsa
171 729 290 794 Theologia
314 730 428 788 naturalis5
448 743 506 775 extra
517 726 609 774 dubium

26 794 67 845 est>
77 798 136 857 quod
150 796 281 858 philosophia
303 795 360 841 bona
370 797 396 841 ad
412 794 547 859 Religionem
558 809 606 857 pet-

28 860 120 905 multum
132 861 224 923 prodesse
235 875 306 923 queat.
364 891 365 894 =
605 911 607 914 ¹

36 941 39 946 ·
96 925 132 970 Illa
142 934 281 988 namque-1⁰.
289 926 361 988 primis
372 923 484 969 christianae
490 923 618 987 Religionis

29 988 156 1053 Apologetis
165 992 254 1037 inserviit
261 993 288 1036 ad
299 989 482 1036 demonstrandam
496 990 616 1035 Idolorum
641 1001 644 1006 “

27 1055 191 1117 Deorumqueal
204 1055 314 1118 gentilibus
330 1057 467 1102 adoratotum
483 1058 609 1113 vanitatem-¹:

26 1122 116 1165 inserviit
127 1136 192 1182 porro
209 1127 231 1167 &
243 1123 268 1167 ad
285 1123 327 1167 huc
335 1120 418 1167 inservit
432 1120 608 1167 demonstrationi

26 1186 137 1232 existentiae
146 1190 168 1232 &
181 1189 265 1234 unitatis
276 1190 325 1235 DEI
336 1201 407 1233 contra
418 1186 510 1232 Atheos:
521 1184 608 1248 possunt

25 1250 112 1297 luminis
122 1251 177 1296 illius
183 1268 224 1313 ope
233 1253 300 1298 multa
311 1253 415 1298 denatura
421 1254 470 1297 DEI
478 1253 558 1315 detegi.-
568 1266 606 1312 pet

24 1318 124 1378 principia
136 1318 180 1378 ejus
197 1319 302 1363 dillindlio
317 1320 370 1364 inter
381 1333 458 1379 corpus
473 1321 496 1363 δι
512 1319 605 1363 animam

24 1382 175 1427 confirmatur:
191 1383 244 1428 Sunt
253 1386 285 1429 hae
297 1386 402 1434 veritates,
414 1399 467 1445 quas
474 1382 539 1428 ‘etiam
547 1382 605 1442 Reli·⁴

22 1450 60 1510 gio
73 1449 134 1493 docet
154 1463 177 1492 ac
189 1446 303 1511 supponit:
326 1465 379 1510 quas
393 1464 473 1512 magno
489 1449 604 1497 hominum

23 1513 84 1558 bono
95 1510 228 1573 Philosophia
243 1529 332 1575 quoque
344 1512 434 1576 probate
443 1513 518 1573 potest.

91 1586 125 1626 2⁰.
141 1576 276 1639 Philosophiae
290 1577 374 1624 moralis
384 1580 480 1640 principia
493 1578 540 1624 sunt
550 1594 603 1624 con-

22 1641 99 1694 sormia
106 1645 212 1704 preceptis
223 1640 395 1706 Decalogiatque'
403 1643 515 1706 Evangelii.
548 1648 603 1691 Vera

22 1710 79 1753 enim
84 1706 174 1770 sanaque
181 1707 313 1770 philosophia
324 1726 359 1754 eas
368 1710 431 1754 docet
438 1711 522 1754 virtutes
530 1725 601 1754 mota-

20 1773 50 1820 les
61 1803 68 1823 ‚
85 1788 137 1834 quas
145 1773 230 1836 Religio
241 1773 341 1835 persedlas
352 1777 452 1836 proponit
463 1776 529 1836 inque
539 1772 602 1819 subli-

20 1842 111 1885 miorem
127 1838 215 1900 gradum
227 1839 303 1884 evehit.
336 1841 389 1885 Non
406 1854 478 1902 patum
489 1841 530 1884 hoc
543 1838 602 1887 Reli-

20 1907 79 1967 gioni
91 1903 200 1953 conducit,
214 1905 274 1964 quod
286 1906 340 1948 ratio
354 1906 460 1966 adjutrices
474 1902 511 1964 ipfi
523 1920 602 1950 manus

19 1970 107 2031 portigit
117 1969 139 2012 in
156 1968 268 2015 edocendis
283 1968 373 2016 nexibus
389 1967 523 2032 debitisque,
540 1971 602 2032 queis

18 2036 116 2080 homines
128 2031 213 2096 obligati
224 2049 329 2080 tenentur.

87 2109 121 2152 30.
138 2098 270 2161 Philosophia
287 2100 347 2155 suum
361 2096 442 2145 consen
453 2114 477 2146 ut
490 2113 544 2145 tetta
556 2113 600 2146 ter.

16 2166 79 2210 minis
90 2164 151 2209 notio
162 2172 185 2211 dc
195 2163 316 2227 fignificatio
328 2162 413 2228 figatur,
432 2182 449 2209 e.
459 2183 479 2228 g.
498 2165 597 2216 Euentu,

14 2229 147 2281 Substantias,
163 2232 250 2292 Spiritus
261 2229 417 2293 Hypollaseusae,
429 2229 536 2284 Personae,
554 2235 596 2277 &o

544 2298 594 2359 qni.

317 2440 326 2464 θ
