1495 2681
106 111 142 181 56
180 109 344 166 Mrrnoous
361 112 457 167 Sruoir
471 109 613 166 Turoroc.

106 191 677 207 .....-...........-.-...--

105 219 157 266 ficut
167 219 619 285 nonnulliinterpretesimprovidefecerunt.
635 218 685 281 Evi-

106 287 154 332 tatis
162 287 230 331 modo
239 287 292 334 hisce
302 290 356 334 vitiis
365 286 457 350 prosanae
468 289 552 334 scientie
561 280 685 332 inTheolo·

108 353 143 416 gia
153 367 202 397 cum
210 351 248 396 usu
257 352 351 414 adplicari
360 351 450 415 possunt.
716 410 718 413 Ι

141 418 226 462 Interim
238 434 263 462 ex
276 418 375 464 omnibus
382 418 467 465 scientiis
474 416 589 481 Theologo
596 412 652 460 nulla
658 411 687 458 est

108 495 153 527 tam
164 478 287 535 necessaria,
310 499 376 546 quam
391 483 494 534 Historia,
511 499 559 544 quae
574 484 596 527 in
608 478 688 527 sacram,

110 543 263 592 ecclesiasticam
274 552 297 593 &
307 545 417 608 profanam
428 547 492 591 dividi
510 546 585 609 potest.
617 543 688 590 Hillo-

108 613 139 655 ria
149 611 200 656 sacra
210 609 264 658 libris
274 613 372 656 divinitus
387 609 487 672 inspiratis
502 614 613 658 Veteris&
629 610 688 655 Novi

107 675 237 730 Testamenti
248 673 405 736 comprehensa,
417 678 491 722 nostrae
497 675 602 739 religionis
613 673 688 719 suntla-

107 754 205 786 mentum
216 740 250 785 est.
281 737 416 786 Ecclefiastica
430 738 472 786 five
491 737 688 786 Historia'Ecclesrae

107 804 181 865 iJEsu
192 804 277 850 Christo
290 807 316 851 ad
327 806 396 851 nostra
413 803 479 867 usque
490 819 637 868 temporanon
649 807 688 849 mi-

107 885 150 915 nus
160 868 268 915 n‘eceffaria
278 871 307 915 est
318 873 344 916 ad
354 870 537 926 confirmationem
549 874 571 915 δι
582 867 689 915 conserva-

108 937 192 981 tionem
204 936 306 981 dodlrinae
318 937 435 982 christiana.
466 936 513 981 Sive
525 938 637 997 dogmata,
648 934 690 988 five

110 999 235 1061 disciplinam
247 1016 284 1046 aut
296 1018 365 1047 mores
376 1015 493 1048 concernat.
541 1003 572 1045 Ex
583 1001 621 1045 bac
633 1001 690 1044 enim

109 1065 195 1112 historia
210 1063 321 1117 discimus,
337 1083 382 1127 qua
396 1064 456 1112 suerit
464 1063 556 1113 -Ecclefiae
574 1062 690 1111 doctrinar

110 1130 176 1194 Jfisu
192 1131 277 1176 Chrisso
292 1133 317 1176 ad
334 1147 374 1176 nos
390 1130 455 1192 usque
471 1149 480 1191 ς
509 1131 552 1175 hoc
567 1129 642 1180 nobis,
660 1130 703 1173 uti

105 1199 151 1260 jam
165 1193 313 1256 probavimus,
330 1197 356 1240 ad
370 1195 433 1240 instar
446 1193 557 1240 infallibilis
573 1194 648 1255 regulae
657 1196 690 1238 in-

109 1257 183 1309 servit,
196 1274 219 1304 ut
233 1263 339 1305 veritatem
357 1260 513 1323 cognoscamus.
545 1259 690 1320 Deprehendi-

108 1340 157 1370 mus
167 1325 248 1386 insuper
257 1327 279 1369 in
289 1326 327 1370 hac
338 1326 429 1370 Historia
442 1324 567 1382 disciplinam
574 1321 690 1369 ecclesrasli-

109 1405 156 1435 cam
167 1392 266 1435 omnium
278 1402 418 1453 temporum,
434 1404 534 1451 tanquam
544 1391 566 1433 in
581 1387 652 1434 tabula
664 1386 691 1431 fi-

109 1452 184 1500 delitet
193 1456 304 1517 depislam.
328 1459 428 1518 Denique
437 1455 520 1500 historia
530 1456 573 1500 hac
587 1466 690 1517 magnum

110 1519 174 1567 nobis
183 1521 300 1582 suppeditat
310 1537 423 1567 numerum
428 1519 536 1565 illustrium
543 1521 628 1580 pietatis,
638 1533 690 1564 con-

109 1585 202 1636 stantie,
214 1588 296 1632 virtutis
312 1601 376 1649 atque
394 1583 526 1648 simplicitatis
537 1583 690 1645 exemplorum,

110 1649 192 1713 quibus
202 1648 263 1696 sacile
273 1654 294 1696 in
303 1667 397 1697 amorem
410 1665 472 1710 arque
485 1651 623 1694 imitationem
637 1652 690 1710 rapi-

109 1732 168 1763 mur.
187 1716 279 1761 Historia
287 1716 573 1777 ptostnavetus&novatarn
583 1714 638 1759 arde
644 1729 692 1758 cum

109 1781 207 1827 Historia
219 1780 272 1827 sacta
282 1787 304 1828 δε
316 1779 442 1829 ecclesiastica
454 1779 483 1825 est
493 1780 603 1844 conjunsla
610 1809 616 1828 ,
624 1781 692 1824 utim-

110 1845 206 1909 poffibile
216 1846 258 1898 fit,
275 1850 328 1894 hanc
339 1847 420 1907 absque
430 1845 484 1891 illius
499 1845 603 1908 praegustu
615 1843 693 1890 intelli·
725 1858 727 1860 ·

113 1929 177 1974 gere,
194 1929 262 1975 utque
273 1916 298 1959 acl
311 1910 449 1959 Ecclefiaslirae
460 1909 574 1973 perfodiam
586 1911 693 1971 cognition¹

113 1993 163 2022 uem
172 1977 302 2025 utilislimnm
313 1979 348 2030 fit,
359 1979 486 2040 precipuum
497 1978 519 2021 in
531 1975 600 2020 studio
606 1975 694 2020 historiae

114 2042 178 2087 civilis
187 2042 307 2104 prosedlnna
318 2042 391 2092 secisse.
431 2044 488 2088 Nam
500 2047 522 2087 δε
538 2043 632 2102 inprimis
646 2039 694 2085 alias

113 2109 173 2154 servit
184 2111 209 2153 ad
221 2110 387 2158 confirmandam
399 2113 421 2153 δε
433 2106 575 2152 illustrandum
585 2109 693 2152 veritatem

112 2172 221 2220 saelorum
231 2177 252 2221 in
259 2179 350 2224 Historia
359 2174 412 2221 satra
421 2179 443 2219 &
454 2171 581 2219 ecclesiastica
594 2171 694 2237 allegat07
705 2223 707 2225 ,

112 2252 167 2286 tum.
202 2241 298 2291 Hilloriae
303 2239 473 2305 chronologiam
485 2238 553 2289 addo,
565 2253 628 2302 quam
638 2235 694 2349 olcel*

196 2339 198 2341 ·
658 2316 696 2348 um
