1495 2681
136 109 173 186 46
213 105 492 177 MernouusSruon
508 113 653 170 Turoroc.

138 194 715 212 --.-.--...,.,....,.......-...

135 221 216 285 quibus
226 226 320 270 terminis
330 228 355 272 ad
361 230 570 290 exprimendauostra
580 227 673 287 mysteria
679 227 718 272 Ec-

136 287 194 335 clesrr
201 292 271 336 utitur.
302 291 363 338 Utilis
373 297 445 356 itaque
456 294 497 347 est,
518 311 541 340 ut
552 296 578 341 de
588 290 716 345 veritatibus,

136 370 189 418 quas
206 355 257 402 fides
272 356 342 402 nostra
353 374 393 420 pro
403 359 487 424 objedlo
500 359 574 413 habet,
586 360 640 407 ideas
653 356 723 415 uobis

122 419 215 468 'etiamsi
235 418 367 484 imperfedias
377 422 521 471 subministret.

203 496 238 547 40.
256 488 294 533 Per
304 488 459 550 Philosophiam
464 491 559 556 judicare
570 489 677 553 pollumus
687 489 715 536 de

133 554 219 598 veritate
230 551 398 615 propontionum
415 571 440 599 ex
451 559 533 603 ratione
546 554 700 603 manifestarum
706 570 715 609 ς

133 620 174 671 ita,
186 631 210 663 ur
221 635 242 666 v.
254 635 274 679 g.
282 617 318 663 ubi
326 619 467 665 darurveriras
477 620 609 683 theologica,
625 623 715 685 quade-

133 685 217 730 ducitur
228 700 253 728 ex
263 681 409 744 propositione
427 701 469 730 una
483 686 587 738 revelata,
605 684 639 733 seu
654 687 714 742 fidei3

132 748 196 795 alteri
207 762 257 794 vero
266 746 339 792 hausta
348 764 375 794 ex
385 747 466 797 lumine
481 750 568 797 naturali
579 769 588 813 3
621 752 714 813 philoso-

130 814 182 876 phia
192 815 218 859 ad
229 814 251 859 id
262 811 357 866 inservit,
368 830 392 861 ut
400 811 549 878 propofitionis
556 819 666 879 utriusque
678 836 714 865 ve-

129 881 178 925 ritas
188 885 211 925 δε
222 878 346 945 agnoscatur
357 886 379 927 &
389 883 411 927 in
423 881 527 945 liquidum
538 882 595 948 julla
609 881 714 946 firmaque

130 943 266 993 conclusione
278 944 388 1008 perfruam
399 951 504 994 rationem
514 950 635 996 deducatur.
697 954 703 964 '

203 1022 236 1071 50.
252 1011 384 1074 Philosophia
393 1013 457 1060 nobis
465 1014 557 1060 ostendit
568 1013 709 1061 combinatio·

129 1087 182 1129 nem
192 1080 381 1125 &connexionem
395 1078 564 1142 propofitionum
585 1083 647 1126 unius
661 1095 711 1126 cum

129 1146 204 1207 altem
215 1144 341 1190 methodum
359 1149 382 1191 ὅτ
399 1148 496 1192 ordinem
507 1149 529 1193 in
546 1148 708 1208 principiorum,

128 1209 365 1272 conclufionum‘arque
373 1209 526 1271 probationum
536 1210 669 1275 dispofirione
679 1226 711 1257 te-

127 1277 240 1325 nendum,
256 1276 319 1322 docet
335 1291 394 1326 nos,
412 1275 509 1332 definire,
524 1279 628 1328 dividere,
641 1278 710 1339 dispu-

126 1352 171 1391 tare
180 1374 188 1395 ‚
205 1342 317 1388 discursum
332 1339 442 1388 formare:
469 1358 533 1407 atque
552 1345 574 1388 id
592 1343 657 1405 ipsum
673 1341 709 1395 est,

127 1411 188 1473 quod
199 1423 301 1453 vocamus
311 1422 375 1454 artem
386 1406 522 1456 dulcerium.
554 1412 602 1470 Jam
613 1424 709 1454 verone·

127 1479 171 1541 gari
177 1486 225 1520 eum
230 1475 311 1520 ratione
316 1476 399 1536 nequit,
406 1489 470 1520 artem
476 1475 531 1522 hanc
541 1489 658 1538 permagno
669 1472 708 1521 illis

128 1540 168 1588 effe
177 1540 309 1592 commodo,
323 1538 402 1602 quibus
413 1539 517 1587 incumbit
527 1538 619 1587 defenfio
631 1541 708 1586 verita.

126 1617 174 1654 tum
185 1604 348 1654 christianarum,
359 1610 382 1650 dc
392 1604 538 1670 objeclionum
552 1605 578 1651 ab
587 1602 707 1652 infidelibus

126 1678 150 1720 &
160 1673 259 1719 haereticis
270 1668 399 1733 prolatarum
408 1668 512 1717 restantio,
545 1673 601 1718 Nam
610 1668 706 1734 fiveaga.

125 1744 161 1785 rur
172 1738 199 1784 de
209 1753 260 1783 veto
275 1735 332 1782 sensu
343 1737 441 1782 locorum
451 1738 515 1784 Sacrae
521 1737 634 1799 Scriptura,
644 1739 715 1791 Con-¹

124 1805 229 1854 ciliorum,
236 1815 301 1865 arque
310 1804 394 1848 Parrum
403 1804 509 1855 eruendo,
521 1807 605 1849 &extra
614 1800 705 1847 dubium

124 1868 256 1935 irrefragabili
267 1866 391 1915 colledioue
406 1870 508 1931 ponendo
520 1886 529 1931 3
544 1866 587 1915 srve
597 1866 705 1914 laboretur

125 1938 148 1984 in
163 1936 316 1983 Haereticorum
336 1933 536 1997 sophisticationibus
556 1931 706 1987 convellendis,

125 2010 245 2066 'eorumque
258 1999 421 2065 propugnaculis
431 2001 606 2063 perrumpendis,
621 1996 704 2045 fivede·

125 2070 192 2131 nique
199 2069 220 2112 in
231 2067 328 2113 dodlrina
338 2064 430 2114 Ecclefiae
441 2067 529 2117 dextre,
538 2064 634 2118 definite,
644 2081 703 2111 accu-

124 2147 213 2195 rateque
223 2131 361 2195 explicanda5
377 2130 510 2179 cerriffimum
526 2129 622 2194 proledlo
638 2130 668 2177 est
680 2135 703 2176 δε

124 2197 189 2262 plane
206 2199 302 2250 evidens,
313 2199 457 2261 maximopere
469 2197 574 2261 prodesse,
585 2196 599 2243 fi
604 2198 651 2260 quis
662 2195 702 2241 bo·

124 2280 167 2311 nus
180 2261 204 2308 fit
220 2265 325 2327 Logicus‚
338 2266 457 2329 omniaque
472 2266 498 2310 ad
515 2264 611 2320 methodi
625 2262 702 2309 limata

123 2331 248 2395 ordinisque
259 2328 319 2379 iilum
331 2330 430 2394 perficiat.
463 2332 489 2377 Er
498 2327 551 2378 fivel
560 2331 581 2378 id
587 2341 655 2378 unum
665 2344 700 2376 co-
718 2381 720 2389 a

651 2409 704 2459 grta*
