<?xml version="1.0" encoding="UTF-8"?>
<!DOCTYPE html PUBLIC "-//W3C//DTD XHTML 1.0 Transitional//EN"
    "http://www.w3.org/TR/xhtml1/DTD/xhtml1-transitional.dtd">
<html xmlns="http://www.w3.org/1999/xhtml" xml:lang="en" lang="en">
 <head>
  <title>
</title>
<meta http-equiv="Content-Type" content="text/html;charset=utf-8" />
  <meta name='ocr-system' content='tesseract 3.04.00' />
  <meta name='ocr-capabilities' content='ocr_page ocr_carea ocr_par ocr_line ocrx_word'/>
</head>
<body>
  <div class='ocr_page' id='page_1' title='image "./MN40353ucmf_4_0122.png"; bbox 0 0 1495 2681; ppageno 0'>
   <div class='ocr_carea' id='block_1_1' title="bbox 136 74 650 167">
    <p class='ocr_par' dir='ltr' id='par_1_1' title="bbox 136 74 650 167">
     <span class='ocr_line' id='line_1_1' title="bbox 136 74 650 167; baseline -0.023 -10"><span class='ocrx_word' id='word_1_1' title='bbox 136 104 172 165; x_wconf 81' lang='lat'>48</span> <span class='ocrx_word' id='word_1_2' title='bbox 213 74 650 167; x_wconf 73' lang='lat' dir='ltr'>MuruonusSrunnTneorda.</span> 
     </span>
    </p>
   </div>
   <div class='ocr_carea' id='block_1_2' title="bbox 135 197 728 587">
    <p class='ocr_par' dir='ltr' id='par_1_2' title="bbox 135 197 728 587">
     <span class='ocr_line' id='line_1_2' title="bbox 136 197 715 263; baseline -0.005 -19"><span class='ocrx_word' id='word_1_3' title='bbox 136 197 150 244; x_wconf 87' lang='lat' dir='ltr'>s</span> <span class='ocrx_word' id='word_1_4' title='bbox 149 202 225 260; x_wconf 88' lang='lat' dir='ltr'>ugiunt</span> <span class='ocrx_word' id='word_1_5' title='bbox 235 201 262 244; x_wconf 92' lang='lat' dir='ltr'>ad</span> <span class='ocrx_word' id='word_1_6' title='bbox 270 204 373 263; x_wconf 83' lang='lat' dir='ltr'>ejusmodi</span> <span class='ocrx_word' id='word_1_7' title='bbox 378 197 497 247; x_wconf 85' lang='lat' dir='ltr'>subtilitates</span> <span class='ocrx_word' id='word_1_8' title='bbox 507 216 569 263; x_wconf 86' lang='lat' dir='ltr'>atque</span> <span class='ocrx_word' id='word_1_9' title='bbox 576 199 715 244; x_wconf 81' lang='lat' dir='ltr'>ratiocinatio-</span> 
     </span>
     <span class='ocr_line' id='line_1_3' title="bbox 136 262 714 328; baseline -0.005 -17"><span class='ocrx_word' id='word_1_10' title='bbox 136 280 174 311; x_wconf 80' lang='lat' dir='ltr'>nes</span> <span class='ocrx_word' id='word_1_11' title='bbox 189 265 290 314; x_wconf 80' lang='lat' dir='ltr'>omnibus</span> <span class='ocrx_word' id='word_1_12' title='bbox 301 262 519 328; x_wconf 84' lang='lat' dir='ltr'>incomprehensibiles</span> <span class='ocrx_word' id='word_1_13' title='bbox 536 279 634 326; x_wconf 81' lang='lat' dir='ltr'>tanquam</span> <span class='ocrx_word' id='word_1_14' title='bbox 650 263 675 307; x_wconf 85' lang='lat' dir='ltr'>ad</span> <span class='ocrx_word' id='word_1_15' title='bbox 684 262 714 308; x_wconf 85' lang='lat' dir='ltr'>sa-</span> 
     </span>
     <span class='ocr_line' id='line_1_4' title="bbox 136 328 714 397; baseline -0.007 -22"><span class='ocrx_word' id='word_1_16' title='bbox 136 345 206 382; x_wconf 82' lang='lat' dir='ltr'>cratu,</span> <span class='ocrx_word' id='word_1_17' title='bbox 218 331 278 391; x_wconf 91' lang='lat' dir='ltr'>quod</span> <span class='ocrx_word' id='word_1_18' title='bbox 288 333 356 397; x_wconf 82' lang='lat' dir='ltr'>ajunt,</span> <span class='ocrx_word' id='word_1_19' title='bbox 372 333 491 377; x_wconf 77' lang='lat' dir='ltr'>anchoram.</span> <span class='ocrx_word' id='word_1_20' title='bbox 525 331 631 391; x_wconf 80' lang='lat' dir='ltr'>Decipitur</span> <span class='ocrx_word' id='word_1_21' title='bbox 640 328 714 373; x_wconf 87' lang='lat' dir='ltr'>advet-</span> 
     </span>
     <span class='ocr_line' id='line_1_5' title="bbox 136 393 714 456; baseline -0.009 -15"><span class='ocrx_word' id='word_1_22' title='bbox 136 396 210 444; x_wconf 81' lang='lat' dir='ltr'>sarius,</span> <span class='ocrx_word' id='word_1_23' title='bbox 221 395 328 440; x_wconf 87' lang='lat' dir='ltr'>struuntur</span> <span class='ocrx_word' id='word_1_24' title='bbox 338 393 375 456; x_wconf 89' lang='lat' dir='ltr'>ipst</span> <span class='ocrx_word' id='word_1_25' title='bbox 389 396 478 445; x_wconf 75' lang='lat' dir='ltr'>infidia,</span> <span class='ocrx_word' id='word_1_26' title='bbox 488 396 596 444; x_wconf 79' lang='lat' dir='ltr'>deducitur</span> <span class='ocrx_word' id='word_1_27' title='bbox 606 410 642 454; x_wconf 89' lang='lat' dir='ltr'>per</span> <span class='ocrx_word' id='word_1_28' title='bbox 653 393 714 438; x_wconf 87' lang='lat' dir='ltr'>devia</span> 
     </span>
     <span class='ocr_line' id='line_1_6' title="bbox 136 453 714 524; baseline -0.005 -20"><span class='ocrx_word' id='word_1_29' title='bbox 136 466 160 507; x_wconf 89' lang='lat'>&amp;</span> <span class='ocrx_word' id='word_1_30' title='bbox 170 460 289 521; x_wconf 83' lang='lat' dir='ltr'>incognita,</span> <span class='ocrx_word' id='word_1_31' title='bbox 301 461 421 524; x_wconf 80' lang='lat' dir='ltr'>injiciuntur</span> <span class='ocrx_word' id='word_1_32' title='bbox 430 458 466 521; x_wconf 88' lang='lat' dir='ltr'>ipfi</span> <span class='ocrx_word' id='word_1_33' title='bbox 476 462 528 504; x_wconf 91' lang='lat' dir='ltr'>novi</span> <span class='ocrx_word' id='word_1_34' title='bbox 534 458 633 522; x_wconf 72' lang='lat' dir='ltr'>scrupuli,</span> <span class='ocrx_word' id='word_1_35' title='bbox 642 473 664 504; x_wconf 89' lang='lat' dir='ltr'>ut</span> <span class='ocrx_word' id='word_1_36' title='bbox 675 453 714 503; x_wconf 90' lang='lat' dir='ltr'>dis-</span> 
     </span>
     <span class='ocr_line' id='line_1_7' title="bbox 135 520 728 587; baseline -0.005 -17"><span class='ocrx_word' id='word_1_37' title='bbox 135 523 262 570; x_wconf 84' lang='lat' dir='ltr'>ficuitatibus</span> <span class='ocrx_word' id='word_1_38' title='bbox 268 523 354 570; x_wconf 89' lang='lat' dir='ltr'>subinde</span> <span class='ocrx_word' id='word_1_39' title='bbox 364 525 406 570; x_wconf 88' lang='lat' dir='ltr'>aliis</span> <span class='ocrx_word' id='word_1_40' title='bbox 417 539 481 585; x_wconf 86' lang='lat' dir='ltr'>atque</span> <span class='ocrx_word' id='word_1_41' title='bbox 490 524 533 569; x_wconf 87' lang='lat' dir='ltr'>aliis</span> <span class='ocrx_word' id='word_1_42' title='bbox 544 524 667 587; x_wconf 85' lang='lat' dir='ltr'>implicitus,</span> <span class='ocrx_word' id='word_1_43' title='bbox 677 520 714 568; x_wconf 84' lang='lat' dir='ltr'>ias-</span> <span class='ocrx_word' id='word_1_44' title='bbox 726 546 728 549; x_wconf 46' lang='lat'><strong>⁴</strong></span> 
     </span>
    </p>
   </div>
   <div class='ocr_carea' id='block_1_3' title="bbox 79 587 733 2347">
    <p class='ocr_par' dir='ltr' id='par_1_3' title="bbox 79 587 715 912">
     <span class='ocr_line' id='line_1_8' title="bbox 136 587 714 651; baseline -0.005 -16"><span class='ocrx_word' id='word_1_45' title='bbox 136 589 213 651; x_wconf 86' lang='lat' dir='ltr'>susque</span> <span class='ocrx_word' id='word_1_46' title='bbox 232 590 317 634; x_wconf 88' lang='lat' dir='ltr'>tandem</span> <span class='ocrx_word' id='word_1_47' title='bbox 337 591 420 636; x_wconf 79' lang='lat' dir='ltr'>animo,</span> <span class='ocrx_word' id='word_1_48' title='bbox 435 593 458 633; x_wconf 85' lang='lat'>&amp;</span> <span class='ocrx_word' id='word_1_49' title='bbox 489 604 562 651; x_wconf 91' lang='lat' dir='ltr'>pugna</span> <span class='ocrx_word' id='word_1_50' title='bbox 592 587 714 651; x_wconf 82' lang='lat' dir='ltr'>defatigatus</span> 
     </span>
     <span class='ocr_line' id='line_1_9' title="bbox 135 651 714 719; baseline -0.005 -19"><span class='ocrx_word' id='word_1_51' title='bbox 135 654 229 716; x_wconf 85' lang='lat' dir='ltr'>receptui</span> <span class='ocrx_word' id='word_1_52' title='bbox 239 669 312 702; x_wconf 88' lang='lat' dir='ltr'>canat,</span> <span class='ocrx_word' id='word_1_53' title='bbox 331 669 376 713; x_wconf 89' lang='lat' dir='ltr'>quo</span> <span class='ocrx_word' id='word_1_54' title='bbox 385 651 455 702; x_wconf 76' lang='lat' dir='ltr'>uero,</span> <span class='ocrx_word' id='word_1_55' title='bbox 465 651 570 698; x_wconf 84' lang='lat' dir='ltr'>filentiuna</span> <span class='ocrx_word' id='word_1_56' title='bbox 581 657 623 719; x_wconf 86' lang='lat' dir='ltr'>ejus</span> <span class='ocrx_word' id='word_1_57' title='bbox 635 670 674 715; x_wconf 88' lang='lat' dir='ltr'>pro</span> <span class='ocrx_word' id='word_1_58' title='bbox 681 652 714 698; x_wconf 87' lang='lat' dir='ltr'>su·</span> 
     </span>
     <span class='ocr_line' id='line_1_10' title="bbox 136 716 715 782; baseline 0.002 -19"><span class='ocrx_word' id='word_1_59' title='bbox 136 719 164 782; x_wconf 69' lang='lat' dir='ltr'>gd</span> <span class='ocrx_word' id='word_1_60' title='bbox 172 731 277 780; x_wconf 85' lang='lat' dir='ltr'>reputatur</span> <span class='ocrx_word' id='word_1_61' title='bbox 288 748 296 768; x_wconf 90' lang='lat'><strong><em>,</em></strong></span> <span class='ocrx_word' id='word_1_62' title='bbox 313 718 393 762; x_wconf 77' lang='lat' dir='ltr'>vitrum</span> <span class='ocrx_word' id='word_1_63' title='bbox 404 732 453 762; x_wconf 90' lang='lat' dir='ltr'>eutn</span> <span class='ocrx_word' id='word_1_64' title='bbox 469 716 508 762; x_wconf 81' lang='lat' dir='ltr'>effe</span> <span class='ocrx_word' id='word_1_65' title='bbox 522 717 656 779; x_wconf 81' lang='lat' dir='ltr'>persuadetur</span> <span class='ocrx_word' id='word_1_66' title='bbox 664 718 715 766; x_wconf 72' lang='lat' dir='ltr'>aliis,</span> 
     </span>
     <span class='ocr_line' id='line_1_11' title="bbox 130 780 714 849; baseline -0.002 -21"><span class='ocrx_word' id='word_1_67' title='bbox 130 784 265 849; x_wconf 71' lang='lat' dir='ltr'>jautatusque</span> <span class='ocrx_word' id='word_1_68' title='bbox 275 780 341 843; x_wconf 82' lang='lat' dir='ltr'>palam</span> <span class='ocrx_word' id='word_1_69' title='bbox 351 783 446 834; x_wconf 67' lang='lat' dir='ltr'>vidioria.</span> <span class='ocrx_word' id='word_1_70' title='bbox 479 785 510 829; x_wconf 86' lang='lat' dir='ltr'>En</span> <span class='ocrx_word' id='word_1_71' title='bbox 522 781 624 843; x_wconf 86' lang='lat' dir='ltr'>puerilem</span> <span class='ocrx_word' id='word_1_72' title='bbox 630 783 714 846; x_wconf 72' lang='lat' dir='ltr'>jadta&#39;n-</span> 
     </span>
     <span class='ocr_line' id='line_1_12' title="bbox 79 844 669 912; baseline -0.003 -18"><span class='ocrx_word' id='word_1_73' title='bbox 79 844 82 854; x_wconf 85' lang='lat'>&#39;</span> <span class='ocrx_word' id='word_1_74' title='bbox 135 850 184 894; x_wconf 86' lang='lat' dir='ltr'>tiam</span> <span class='ocrx_word' id='word_1_75' title='bbox 196 863 223 892; x_wconf 82' lang='lat' dir='ltr'>ex</span> <span class='ocrx_word' id='word_1_76' title='bbox 233 846 346 910; x_wconf 83' lang='lat' dir='ltr'>Augustini</span> <span class='ocrx_word' id='word_1_77' title='bbox 355 863 408 893; x_wconf 92' lang='lat' dir='ltr'>voto</span> <span class='ocrx_word' id='word_1_78' title='bbox 419 846 501 893; x_wconf 81' lang='lat' dir='ltr'>sollicite</span> <span class='ocrx_word' id='word_1_79' title='bbox 509 845 638 912; x_wconf 77' lang='lat' dir='ltr'>fugiendam.</span> <span class='ocrx_word' id='word_1_80' title='bbox 667 902 669 905; x_wconf 22' lang='grc' dir='ltr'>Ι</span> 
     </span>
    </p>

    <p class='ocr_par' dir='ltr' id='par_1_4' title="bbox 127 911 731 2019">
     <span class='ocr_line' id='line_1_13' title="bbox 201 911 713 975; baseline 0.002 -19"><span class='ocrx_word' id='word_1_81' title='bbox 201 913 323 957; x_wconf 83' lang='lat' dir='ltr'>Secundum</span> <span class='ocrx_word' id='word_1_82' title='bbox 330 914 404 959; x_wconf 86' lang='lat' dir='ltr'>vitium</span> <span class='ocrx_word' id='word_1_83' title='bbox 417 918 439 959; x_wconf 89' lang='lat'>&amp;</span> <span class='ocrx_word' id='word_1_84' title='bbox 448 912 522 959; x_wconf 82' lang='lat' dir='ltr'>abusus</span> <span class='ocrx_word' id='word_1_85' title='bbox 532 915 565 958; x_wconf 90' lang='lat' dir='ltr'>hic</span> <span class='ocrx_word' id='word_1_86' title='bbox 577 911 713 975; x_wconf 85' lang='lat' dir='ltr'>est‚quando</span> 
     </span>
     <span class='ocr_line' id='line_1_14' title="bbox 135 976 715 1040; baseline -0.003 -16"><span class='ocrx_word' id='word_1_87' title='bbox 135 976 297 1024; x_wconf 74' lang='lat' dir='ltr'>solinialeuicae</span> <span class='ocrx_word' id='word_1_88' title='bbox 308 982 378 1024; x_wconf 86' lang='lat' dir='ltr'>omnis</span> <span class='ocrx_word' id='word_1_89' title='bbox 387 979 497 1028; x_wconf 86' lang='lat' dir='ltr'>industria,</span> <span class='ocrx_word' id='word_1_90' title='bbox 510 981 579 1023; x_wconf 87' lang='lat' dir='ltr'>omnis</span> <span class='ocrx_word' id='word_1_91' title='bbox 586 994 650 1040; x_wconf 86' lang='lat' dir='ltr'>opera</span> <span class='ocrx_word' id='word_1_92' title='bbox 659 977 715 1022; x_wconf 88' lang='lat' dir='ltr'>insu-</span> 
     </span>
     <span class='ocr_line' id='line_1_15' title="bbox 136 1042 714 1106; baseline -0.005 -17"><span class='ocrx_word' id='word_1_93' title='bbox 136 1045 215 1094; x_wconf 89' lang='lat' dir='ltr'>mitut,</span> <span class='ocrx_word' id='word_1_94' title='bbox 226 1059 266 1104; x_wconf 84' lang='lat' dir='ltr'>prae</span> <span class='ocrx_word' id='word_1_95' title='bbox 274 1042 309 1088; x_wconf 85' lang='lat' dir='ltr'>illa</span> <span class='ocrx_word' id='word_1_96' title='bbox 320 1059 370 1090; x_wconf 88' lang='lat' dir='ltr'>vero</span> <span class='ocrx_word' id='word_1_97' title='bbox 380 1045 444 1090; x_wconf 81' lang='lat' dir='ltr'>Sacrae</span> <span class='ocrx_word' id='word_1_98' title='bbox 455 1044 563 1106; x_wconf 76' lang='lat' dir='ltr'>Scriptura</span> <span class='ocrx_word' id='word_1_99' title='bbox 572 1043 714 1106; x_wconf 84' lang='lat' dir='ltr'>atqueTtadi-</span> 
     </span>
     <span class='ocr_line' id='line_1_16' title="bbox 137 1106 714 1171; baseline -0.005 -18"><span class='ocrx_word' id='word_1_100' title='bbox 137 1109 201 1153; x_wconf 80' lang='lat' dir='ltr'>tionis</span> <span class='ocrx_word' id='word_1_101' title='bbox 217 1106 314 1152; x_wconf 85' lang='lat' dir='ltr'>studium</span> <span class='ocrx_word' id='word_1_102' title='bbox 322 1110 447 1171; x_wconf 85' lang='lat' dir='ltr'>negiigitur‚</span> <span class='ocrx_word' id='word_1_103' title='bbox 464 1112 616 1154; x_wconf 83' lang='lat' dir='ltr'>&amp;exercitatos</span> <span class='ocrx_word' id='word_1_104' title='bbox 626 1110 714 1154; x_wconf 89' lang='lat' dir='ltr'>demum</span> 
     </span>
     <span class='ocr_line' id='line_1_17' title="bbox 134 1169 713 1234; baseline -0.002 -16"><span class='ocrx_word' id='word_1_105' title='bbox 134 1172 154 1218; x_wconf 92' lang='lat' dir='ltr'>se</span> <span class='ocrx_word' id='word_1_106' title='bbox 165 1171 290 1234; x_wconf 89' lang='lat' dir='ltr'>Theoiogos</span> <span class='ocrx_word' id='word_1_107' title='bbox 301 1171 340 1220; x_wconf 75' lang='lat' dir='ltr'>esse</span> <span class='ocrx_word' id='word_1_108' title='bbox 349 1188 469 1224; x_wconf 82' lang='lat' dir='ltr'>autumant,</span> <span class='ocrx_word' id='word_1_109' title='bbox 485 1190 534 1219; x_wconf 88' lang='lat' dir='ltr'>cum</span> <span class='ocrx_word' id='word_1_110' title='bbox 544 1172 625 1219; x_wconf 83' lang='lat' dir='ltr'>subtiles</span> <span class='ocrx_word' id='word_1_111' title='bbox 636 1169 713 1218; x_wconf 86' lang='lat' dir='ltr'>suerint</span> 
     </span>
     <span class='ocr_line' id='line_1_18' title="bbox 134 1238 713 1302; baseline -0.002 -19"><span class='ocrx_word' id='word_1_112' title='bbox 134 1238 213 1299; x_wconf 75' lang='lat' dir='ltr'>logici.</span> <span class='ocrx_word' id='word_1_113' title='bbox 246 1238 473 1284; x_wconf 83' lang='lat' dir='ltr'>Etiamhuncetrorem</span> <span class='ocrx_word' id='word_1_114' title='bbox 481 1239 610 1302; x_wconf 84' lang='lat' dir='ltr'>Augustinus</span> <span class='ocrx_word' id='word_1_115' title='bbox 621 1240 713 1283; x_wconf 81' lang='lat' dir='ltr'>damnat.</span> 
     </span>
     <span class='ocr_line' id='line_1_19' title="bbox 134 1298 712 1364; baseline 0.003 -19"><span class='ocrx_word' id='word_1_116' title='bbox 134 1302 171 1348; x_wconf 92' lang='lat' dir='ltr'>Ne</span> <span class='ocrx_word' id='word_1_117' title='bbox 181 1298 232 1353; x_wconf 88' lang='lat' dir='ltr'>srbi,</span> <span class='ocrx_word' id='word_1_118' title='bbox 241 1303 322 1364; x_wconf 87' lang='lat' dir='ltr'>inquit,</span> <span class='ocrx_word' id='word_1_119' title='bbox 333 1304 479 1364; x_wconf 78' lang='lat' dir='ltr'>persuadeant,</span> <span class='ocrx_word' id='word_1_120' title='bbox 491 1300 586 1349; x_wconf 88' lang='lat' dir='ltr'>veritates</span> <span class='ocrx_word' id='word_1_121' title='bbox 597 1301 712 1348; x_wconf 80' lang='lat' dir='ltr'>adsalutem</span> 
     </span>
     <span class='ocr_line' id='line_1_20' title="bbox 134 1368 713 1430; baseline -0.003 -15"><span class='ocrx_word' id='word_1_122' title='bbox 134 1382 232 1415; x_wconf 71' lang='lat' dir='ltr'>uternam</span> <span class='ocrx_word' id='word_1_123' title='bbox 245 1368 356 1414; x_wconf 88' lang='lat' dir='ltr'>hominem</span> <span class='ocrx_word' id='word_1_124' title='bbox 368 1372 503 1430; x_wconf 83' lang='lat' dir='ltr'>perducentes</span> <span class='ocrx_word' id='word_1_125' title='bbox 518 1370 574 1415; x_wconf 69' lang='lat' dir='ltr'>reete</span> <span class='ocrx_word' id='word_1_126' title='bbox 587 1384 637 1415; x_wconf 86' lang='lat' dir='ltr'>eum</span> <span class='ocrx_word' id='word_1_127' title='bbox 653 1384 713 1414; x_wconf 88' lang='lat' dir='ltr'>cotn-</span> 
     </span>
     <span class='ocr_line' id='line_1_21' title="bbox 134 1432 713 1498; baseline 0 -20"><span class='ocrx_word' id='word_1_128' title='bbox 134 1432 276 1496; x_wconf 88' lang='lat' dir='ltr'>prehendere,</span> <span class='ocrx_word' id='word_1_129' title='bbox 292 1436 330 1494; x_wconf 92' lang='lat' dir='ltr'>qui</span> <span class='ocrx_word' id='word_1_130' title='bbox 340 1438 408 1480; x_wconf 89' lang='lat' dir='ltr'>modo</span> <span class='ocrx_word' id='word_1_131' title='bbox 420 1437 574 1498; x_wconf 83' lang='lat' dir='ltr'>argumentati,</span> <span class='ocrx_word' id='word_1_132' title='bbox 585 1433 671 1480; x_wconf 85' lang='lat' dir='ltr'>definire</span> <span class='ocrx_word' id='word_1_133' title='bbox 681 1446 713 1478; x_wconf 87' lang='lat' dir='ltr'>at-</span> 
     </span>
     <span class='ocr_line' id='line_1_22' title="bbox 135 1497 713 1562; baseline -0.003 -18"><span class='ocrx_word' id='word_1_134' title='bbox 135 1515 179 1561; x_wconf 89' lang='lat' dir='ltr'>que</span> <span class='ocrx_word' id='word_1_135' title='bbox 191 1498 283 1544; x_wconf 85' lang='lat' dir='ltr'>dividere</span> <span class='ocrx_word' id='word_1_136' title='bbox 294 1497 344 1551; x_wconf 85' lang='lat' dir='ltr'>scit:</span> <span class='ocrx_word' id='word_1_137' title='bbox 365 1513 444 1545; x_wconf 75' lang='lat' dir='ltr'>tautum</span> <span class='ocrx_word' id='word_1_138' title='bbox 454 1501 501 1561; x_wconf 80' lang='lat' dir='ltr'>astfit</span> <span class='ocrx_word' id='word_1_139' title='bbox 510 1516 576 1548; x_wconf 78' lang='lat' dir='ltr'>error,</span> <span class='ocrx_word' id='word_1_140' title='bbox 592 1515 631 1562; x_wconf 82' lang='lat' dir='ltr'>quo</span> <span class='ocrx_word' id='word_1_141' title='bbox 641 1497 713 1543; x_wconf 70' lang='lat' dir='ltr'>vitlen-v</span> 
     </span>
     <span class='ocr_line' id='line_1_23' title="bbox 135 1563 731 1625; baseline -0.003 -15"><span class='ocrx_word' id='word_1_142' title='bbox 135 1579 170 1610; x_wconf 78' lang='lat' dir='ltr'>tur</span> <span class='ocrx_word' id='word_1_143' title='bbox 180 1565 270 1609; x_wconf 74' lang='lat' dir='ltr'>homines</span> <span class='ocrx_word' id='word_1_144' title='bbox 274 1565 314 1625; x_wconf 80' lang='lat' dir='ltr'>fibi</span> <span class='ocrx_word' id='word_1_145' title='bbox 321 1565 447 1625; x_wconf 61' lang='lat' dir='ltr'>gisambeatae</span> <span class='ocrx_word' id='word_1_146' title='bbox 453 1569 499 1609; x_wconf 76' lang='lat' dir='ltr'>vitu</span> <span class='ocrx_word' id='word_1_147' title='bbox 506 1568 615 1610; x_wconf 75' lang='lat' dir='ltr'>veritatem</span> <span class='ocrx_word' id='word_1_148' title='bbox 621 1563 682 1609; x_wconf 64' lang='lat' dir='ltr'>didici</span> <span class='ocrx_word' id='word_1_149' title='bbox 694 1581 711 1613; x_wconf 82' lang='lat' dir='ltr'>e,</span> <span class='ocrx_word' id='word_1_150' title='bbox 730 1612 731 1615; x_wconf 11' lang='grc' dir='ltr'><strong>Ἴ</strong></span> 
     </span>
     <span class='ocr_line' id='line_1_24' title="bbox 127 1627 712 1691; baseline 0 -17"><span class='ocrx_word' id='word_1_151' title='bbox 127 1627 180 1675; x_wconf 74' lang='lat' dir='ltr'>vcum</span> <span class='ocrx_word' id='word_1_152' title='bbox 188 1630 225 1688; x_wconf 77' lang='lat' dir='ltr'>ista</span> <span class='ocrx_word' id='word_1_153' title='bbox 237 1628 349 1674; x_wconf 80' lang='lat' dir='ltr'>didicerint.</span> <span class='ocrx_word' id='word_1_154' title='bbox 382 1630 495 1676; x_wconf 75' lang='lat' dir='ltr'>Dialectica</span> <span class='ocrx_word' id='word_1_155' title='bbox 505 1646 549 1673; x_wconf 91' lang='lat' dir='ltr'>non</span> <span class='ocrx_word' id='word_1_156' title='bbox 556 1628 585 1676; x_wconf 88' lang='lat' dir='ltr'>est</span> <span class='ocrx_word' id='word_1_157' title='bbox 590 1628 712 1691; x_wconf 78' lang='lat' dir='ltr'>Theologiae</span> 
     </span>
     <span class='ocr_line' id='line_1_25' title="bbox 133 1693 712 1758; baseline -0.002 -19"><span class='ocrx_word' id='word_1_158' title='bbox 133 1695 270 1758; x_wconf 87' lang='lat' dir='ltr'>principium,</span> <span class='ocrx_word' id='word_1_159' title='bbox 277 1710 324 1739; x_wconf 89' lang='lat' dir='ltr'>nou</span> <span class='ocrx_word' id='word_1_160' title='bbox 334 1693 363 1739; x_wconf 82' lang='lat' dir='ltr'>esi</span> <span class='ocrx_word' id='word_1_161' title='bbox 373 1693 422 1741; x_wconf 88' lang='lat' dir='ltr'>sons</span> <span class='ocrx_word' id='word_1_162' title='bbox 433 1700 454 1741; x_wconf 73' lang='grc' dir='ltr'>δι</span> <span class='ocrx_word' id='word_1_163' title='bbox 464 1697 525 1758; x_wconf 85' lang='lat' dir='ltr'>origo</span> <span class='ocrx_word' id='word_1_164' title='bbox 530 1724 538 1746; x_wconf 89' lang='lat'>‚</span> <span class='ocrx_word' id='word_1_165' title='bbox 551 1697 607 1740; x_wconf 91' lang='lat' dir='ltr'>unde</span> <span class='ocrx_word' id='word_1_166' title='bbox 617 1696 712 1741; x_wconf 81' lang='lat' dir='ltr'>veritates</span> 
     </span>
     <span class='ocr_line' id='line_1_26' title="bbox 133 1758 713 1822; baseline -0.002 -17"><span class='ocrx_word' id='word_1_167' title='bbox 133 1758 259 1822; x_wconf 77' lang='lat' dir='ltr'>theologice</span> <span class='ocrx_word' id='word_1_168' title='bbox 271 1761 359 1804; x_wconf 87' lang='lat' dir='ltr'>derivari</span> <span class='ocrx_word' id='word_1_169' title='bbox 369 1760 713 1812; x_wconf 83' lang='lat' dir='ltr'>debent,instrumentnnrtantum</span> 
     </span>
     <span class='ocr_line' id='line_1_27' title="bbox 134 1823 711 1891; baseline 0 -21"><span class='ocrx_word' id='word_1_170' title='bbox 134 1826 174 1875; x_wconf 87' lang='lat' dir='ltr'>est,</span> <span class='ocrx_word' id='word_1_171' title='bbox 185 1828 243 1891; x_wconf 61' lang='lat' dir='ltr'>cujus</span> <span class='ocrx_word' id='word_1_172' title='bbox 258 1823 304 1870; x_wconf 87' lang='lat' dir='ltr'>usus</span> <span class='ocrx_word' id='word_1_173' title='bbox 318 1829 340 1870; x_wconf 89' lang='lat' dir='ltr'>in</span> <span class='ocrx_word' id='word_1_174' title='bbox 353 1844 379 1872; x_wconf 91' lang='lat' dir='ltr'>eo</span> <span class='ocrx_word' id='word_1_175' title='bbox 393 1825 483 1873; x_wconf 84' lang='lat' dir='ltr'>confistit</span> <span class='ocrx_word' id='word_1_176' title='bbox 494 1828 567 1878; x_wconf 82' lang='lat' dir='ltr'>unice,</span> <span class='ocrx_word' id='word_1_177' title='bbox 578 1825 659 1873; x_wconf 84' lang='lat' dir='ltr'>utillius</span> <span class='ocrx_word' id='word_1_178' title='bbox 670 1842 711 1887; x_wconf 90' lang='lat' dir='ltr'>ope</span> 
     </span>
     <span class='ocr_line' id='line_1_28' title="bbox 133 1890 712 1955; baseline -0.002 -18"><span class='ocrx_word' id='word_1_179' title='bbox 133 1893 229 1937; x_wconf 82' lang='lat' dir='ltr'>veritates</span> <span class='ocrx_word' id='word_1_180' title='bbox 243 1891 337 1936; x_wconf 76' lang='lat' dir='ltr'>revelata</span> <span class='ocrx_word' id='word_1_181' title='bbox 354 1894 429 1940; x_wconf 84' lang='lat' dir='ltr'>melius</span> <span class='ocrx_word' id='word_1_182' title='bbox 449 1894 570 1955; x_wconf 86' lang='lat' dir='ltr'>capiantur,</span> <span class='ocrx_word' id='word_1_183' title='bbox 587 1890 712 1937; x_wconf 86' lang='lat' dir='ltr'>illustrentur</span> 
     </span>
     <span class='ocr_line' id='line_1_29' title="bbox 135 1953 353 2019; baseline 0 -17"><span class='ocrx_word' id='word_1_184' title='bbox 135 1971 198 2019; x_wconf 85' lang='lat' dir='ltr'>atque</span> <span class='ocrx_word' id='word_1_185' title='bbox 209 1953 353 2002; x_wconf 39' lang='lat' dir='ltr'>defendantur(</span> 
     </span>
    </p>

    <p class='ocr_par' dir='ltr' id='par_1_5' title="bbox 200 2020 712 2083">
     <span class='ocr_line' id='line_1_30' title="bbox 200 2020 712 2083; baseline -0.004 -15"><span class='ocrx_word' id='word_1_186' title='bbox 200 2024 282 2069; x_wconf 90' lang='lat' dir='ltr'>Tertius</span> <span class='ocrx_word' id='word_1_187' title='bbox 299 2021 375 2068; x_wconf 88' lang='lat' dir='ltr'>abusus</span> <span class='ocrx_word' id='word_1_188' title='bbox 386 2021 539 2073; x_wconf 82' lang='lat' dir='ltr'>committitur,</span> <span class='ocrx_word' id='word_1_189' title='bbox 551 2038 599 2067; x_wconf 80' lang='lat' dir='ltr'>cuna</span> <span class='ocrx_word' id='word_1_190' title='bbox 614 2020 712 2083; x_wconf 81' lang='lat' dir='ltr'>quastio-</span> 
     </span>
    </p>

    <p class='ocr_par' dir='ltr' id='par_1_6' title="bbox 87 2084 733 2150">
     <span class='ocr_line' id='line_1_31' title="bbox 87 2084 733 2150; baseline 0.002 -20"><span class='ocrx_word' id='word_1_191' title='bbox 87 2084 91 2096; x_wconf 88' lang='lat'>&#39;</span> <span class='ocrx_word' id='word_1_192' title='bbox 135 2102 174 2131; x_wconf 83' lang='lat' dir='ltr'>nes</span> <span class='ocrx_word' id='word_1_193' title='bbox 184 2101 239 2149; x_wconf 85' lang='lat' dir='ltr'>mere</span> <span class='ocrx_word' id='word_1_194' title='bbox 250 2087 359 2134; x_wconf 64' lang='lat' dir='ltr'>dialectica</span> <span class='ocrx_word' id='word_1_195' title='bbox 369 2089 484 2150; x_wconf 83' lang='lat' dir='ltr'>agitantur,</span> <span class='ocrx_word' id='word_1_196' title='bbox 494 2104 540 2150; x_wconf 75' lang='lat' dir='ltr'>qua</span> <span class='ocrx_word' id='word_1_197' title='bbox 549 2086 627 2134; x_wconf 84' lang='lat' dir='ltr'>nuliam</span> <span class='ocrx_word' id='word_1_198' title='bbox 633 2102 711 2150; x_wconf 83' lang='lat' dir='ltr'>cogna-</span> <span class='ocrx_word' id='word_1_199' title='bbox 731 2124 733 2127; x_wconf 65' lang='grc'>,</span> 
     </span>
    </p>

    <p class='ocr_par' dir='ltr' id='par_1_7' title="bbox 134 2152 712 2347">
     <span class='ocr_line' id='line_1_32' title="bbox 135 2152 711 2216; baseline 0.002 -20"><span class='ocrx_word' id='word_1_200' title='bbox 135 2154 216 2197; x_wconf 87' lang='lat' dir='ltr'>tionem</span> <span class='ocrx_word' id='word_1_201' title='bbox 226 2153 259 2199; x_wconf 89' lang='lat' dir='ltr'>vel</span> <span class='ocrx_word' id='word_1_202' title='bbox 270 2156 426 2201; x_wconf 84' lang='lat' dir='ltr'>connexionem</span> <span class='ocrx_word' id='word_1_203' title='bbox 438 2169 486 2199; x_wconf 88' lang='lat' dir='ltr'>cnm</span> <span class='ocrx_word' id='word_1_204' title='bbox 502 2152 606 2216; x_wconf 83' lang='lat' dir='ltr'>religionis</span> <span class='ocrx_word' id='word_1_205' title='bbox 620 2154 711 2200; x_wconf 91' lang='lat' dir='ltr'>veritati-</span> 
     </span>
     <span class='ocr_line' id='line_1_33' title="bbox 134 2215 711 2283; baseline -0.002 -19"><span class='ocrx_word' id='word_1_206' title='bbox 134 2216 176 2264; x_wconf 89' lang='lat' dir='ltr'>bus</span> <span class='ocrx_word' id='word_1_207' title='bbox 186 2215 270 2265; x_wconf 85' lang='lat' dir='ltr'>habent.</span> <span class='ocrx_word' id='word_1_208' title='bbox 303 2217 385 2269; x_wconf 82' lang='lat' dir='ltr'>Abusus</span> <span class='ocrx_word' id='word_1_209' title='bbox 396 2218 504 2283; x_wconf 87' lang='lat' dir='ltr'>hicquam</span> <span class='ocrx_word' id='word_1_210' title='bbox 513 2216 711 2283; x_wconf 80' lang='lat' dir='ltr'>darunabilisfirjatn</span> 
     </span>
     <span class='ocr_line' id='line_1_34' title="bbox 135 2283 712 2347; baseline 0.002 -17"><span class='ocrx_word' id='word_1_211' title='bbox 135 2283 271 2333; x_wconf 81' lang='lat' dir='ltr'>ostendimus.</span> <span class='ocrx_word' id='word_1_212' title='bbox 642 2286 712 2347; x_wconf 82' lang='lat' dir='ltr'>Qar-</span> 
     </span>
    </p>
   </div>
   <div class='ocr_carea' id='block_1_4' title="bbox 0 0 752 2681">
    <p class='ocr_par' dir='ltr' id='par_1_8' title="bbox 0 0 752 2681">
     <span class='ocr_line' id='line_1_35' title="bbox 0 0 752 2681; baseline 0 0"><span class='ocrx_word' id='word_1_213' title='bbox 0 0 752 2681; x_wconf 95' lang='lat' dir='ltr'> </span> 
     </span>
    </p>
   </div>
  </div>
 </body>
</html>
