1495 2681
124 111 178 166 12'2‘
233 112 442 170 chrslusrtr.
459 113 608 171 Carvili·
637 194 639 200 J

119 223 184 279 bant,
195 223 211 272 st
221 226 349 275 modolibris
359 226 599 273 illiscommentatiorum
608 241 690 271 nomen

119 291 203 355 imponi
215 292 299 354 potest,
313 294 351 356 qui
362 308 408 338 non
422 292 449 338 ad
459 290 615 354 explicationem
625 289 690 337 alicu·

117 358 152 421 jus
159 357 204 404 libri
211 358 261 410 ‚bled
269 359 295 404 de
303 358 367 404 rebus
375 358 439 420 longe
450 356 492 403 aliis
499 355 562 417 scripti
571 354 625 401 lunt.

184 424 272 468 Decima
280 417 691 483 methodusSacramScriptutamexpla·'

118 485 183 531 nandi
198 502 236 548 pet
248 492 342 534 Summas
355 502 392 534 aut
407 490 534 537 summaria,
548 502 594 549 quae
604 483 690 531 barbare

118 551 231 603 dicuntum
251 556 274 598 δι
292 549 428 614 Epirumasle
440 553 522 598 exerit:
539 554 600 597 Hanc
616 553 689 596 Petrus

116 615 231 662 Comestot
240 616 330 662 Historia
339 614 373 660 sua
381 613 504 661 Scholastici
513 618 645 663 introducere
650 631 689 662 vo-

117 678 167 731 luit‚
177 698 219 743 qua
232 680 382 742 compendium
399 677 463 726 torius
477 679 581 740 Historiae·
590 684 656 729 *Sacra
664 685 688 729 dc

116 743 211 806 ptosanae
227 747 321 808 itemque
342 742 487 806 explicationes
507 740 586 807 aliquas
600 750 687 793 Parrum

116 808 268 871 complentur.
309 808 369 856 Libet
387 810 421 855 hic
432 808 483 855 olim
494 810 516 853 in
532 810 654 872 ignorantia
664 828 687 858 ac

114 874 249 922 tenebratum
262 874 339 922 Seculis
355 874 487 938 frequentem
502 872 562 920 ulum
580 874 687 928 obtinuit,

113 941 147 986 sed
157 940 221 988 hodie
226 942 328 1005 eiusmodi
341 941 463 1003 compendia
473 956 518 985 non
529 938 566 985 nifi
576 939 687 992 tironibus,

114 1005 194 1068 quibus
201 1008 265 1070 Sacrae
270 1007 375 1069 Scriptura
384 1005 509 1071 pregustum
518 1006 567 1052 dare
578 1006 688 1059 volumus,

110 1071 209 1133 ‚prodesse
225 1072 299 1117 valent.

179 1136 686 1198 UltimusdeniqueSacramScripturaminterpre-

112 1200 170 1247 tandi
180 1201 258 1247 modus
268 1200 309 1253 est,
324 1199 340 1245 sr
351 1202 438 1262 quando
449 1203 471 1246 in
487 1199 626 1263 peculiaribus
635 1217 686 1263 ope-

111 1264 169 1311 ribus
178 1282 207 1311 eae
217 1282 249 1313 tes
258 1268 421 1328 pertradlantum
433 1282 486 1329 quas
495 1267 520 1312 ad
527 1266 685 1330 intelligentiam

111 1332 176 1377 Sacrae
182 1333 290 1393 Scripturas
300 1331 358 1378 velut
366 1333 492 1394 precognita
500 1330 564 1378 nolle
573 1330 684 1383 debemus,

110 1413 129 1442 e.
136 1414 157 1460 g.
169 1397 195 1443 de
205 1397 328 1443 auctoritate
338 1394 441 1443 librorum
450 1397 571 1448 Sacrorum,
580 1397 684 1442 deaucto-

110 1461 170 1507 ribns
185 1477 233 1509 tum
251 1476 324 1515 textus(
340 1463 469 1516 authentici,
485 1476 532 1508 rum
550 1460 684 1513 vernonum,

111 1542 176 1591 porro
185 1530 211 1574 de
221 1519 354 1591 Gcograplria
364 1542 399 1574 aut
411 1527 558 1592 Chronologia
572 1529 644 1580 Sacra,
657 1528 684 1574 de

110 1592 260 1655 ponderibus,
276 1593 387 1644 mensuris,
396 1593 423 1638 de
433 1591 524 1655 legibus,
536 1598 561 1639 ’δε
573 1591 683 1638 cousuetu-

110 1658 195 1705 dinibus
210 1660 352 1721 Judaeum,
366 1657 492 1719 &plurima
508 1656 546 1703 alia
561 1674 609 1705 curn
619 1658 682 1705 Sactae

111 1724 220 1788 Scripturas
237 1738 296 1770 textu
311 1738 391 1769 nexum
406 1723 504 1769 habentia
518 1722 684 1787 inseparabilem,

108 1805 176 1853 quem
187 1784 251 1836 solide
259 1788 359 1852 explicare
367 1793 449 1852 ineptus
460 1791 509 1839 eris,
520 1787 556 1834 ubi
564 1807 587 1836 ea
596 1792 682 1851 ignora-

108 1858 163 1909 veris
169 1886 177 1907 ,
187 1860 210 1902 δε
220 1870 314 1920 quorum
325 1855 403 1901 auxilio
412 1871 488 1901 omnes
499 1852 562 1902 sternte
572 1853 682 1902 difficulta-

108 1936 140 1967 tes
149 1920 191 1967 illic
205 1917 340 1970 occurrentes
355 1918 412 1966 facile
423 1919 533 1968 tolluntur.
570 1921 681 1983 Tradimus

108 1986 132 2032 hi
140 1983 298 2049 Prolegomena‚
313 1994 443 2050 Apparatus,
458 1985 606 2046 Difflrtariones
616 1988 681 2049 proli-

109 2054 197 2099 minares
205 2054 228 2096 in
234 2054 293 2099 Sacra
304 2051 370 2097 Biblia
381 2050 447 2115 vulgo
456 2048 606 2103 inscribuntur,
615 2058 680 2098 &an-

108 2118 172 2177 tiquis
180 2117 311 2181 temporibus
320 2119 423 2181 originem
435 2114 524 2165 debent,
535 2130 580 2164 tum
591 2118 681 2165 incrediss

108 2181 156 2231 bili,
168 2185 197 2227 uti
202 2185 248 2249 jam
258 2184 362 2234 diximus,
372 2183 494 2244 adiumento
504 2180 556 2229 sunt.
593 2187 644 2231 Haec
653 2183 681 2229 cle

107 2251 263 2297 commentariis
272 2251 352 2297 ratione
362 2247 436 2297 forme
446 2245 534 2295 diversis

610 2314 679 2360 Conr-
