1495 2681
114 105 168 166 248
207 92 625 164 MurnouusSrumrTiruoLod,¹

117 207 192 253 exadie
204 209 233 254 du
243 211 314 256 Pinins
325 209 454 273 confignavit
460 243 468 265 ‚
485 213 553 274 deque
565 213 628 272 priori
638 226 690 256 cou-

9 274 11 277 ’
81 299 85 305 .
114 268 213 319 serantur
223 290 313 338 quoque
323 276 401 324 Baluzii
414 280 459 324 virae
469 277 568 340 Paparum
584 278 688 322 Avenion.

74 336 84 388 J
117 353 166 383 cum
175 342 239 386 noris.
271 342 386 388 Historiam
407 340 690 405 postremorumabodlauo

117 404 266 450 Conciliorum
279 407 389 453 Richerius
398 410 420 452 in
429 407 613 454 suaContiliorum
620 405 691 452 Hillo-

114 470 144 513 ria
153 471 230 518 tradit,
256 472 358 532 imprimis
372 474 432 534 quod
449 474 570 519 Concilium
584 473 694 520 Constam

115 531 178 577 tiense
189 538 211 580 δε
221 533 332 581 Basrleense
351 539 458 582 corceruit.
492 537 629 585 DeConcilio
642 538 690 582 Tri·

114 598 204 644 dentiuo
214 601 288 644 Petrus
297 602 380 649 Suavis,
391 604 404 645 i.
417 618 434 646 e.
444 602 519 649 Paulus
530 605 612 665 Sarpius
623 603 690 648 &Pa‘

113 660 215 709 invicinus
231 661 358 708 consulendi.
695 680 696 683 ¹

183 726 316 783 Qaesliones
332 728 357 772 de
373 729 511 779 Hierarthia,
528 731 597 793 deque
607 729 691 793 juribus

112 792 217 851 Paparum
229 793 251 835 in
263 789 374 837 Ecclefiam
386 807 451 854 atque
460 797 542 856 Reges,
554 812 600 857 quae
613 796 691 840 inadiu
738 813 743 818 ·

113 857 189 920 Majori
199 857 272 918 agitari
280 855 363 910 solent,
379 857 423 903 satis
438 857 471 903 ille
487 861 597 921 expediet,
613 862 650 921 qui
660 859 690 905 le-

114 923 168 982 gerit
181 922 272 968 Rieherii
282 922 410 986 Apologiam
423 924 588 977 Gersouiauam,
605 928 691 988 ejusque

114 985 231 1031 Historiam
241 986 388 1033 Conciliorum
399 990 538 1050 generalium,
548 992 635 1055 Lauuoji
642 992 690 1052 Epi·

113 1049 190 1100 stolas,
207 1053 236 1097 du
245 1054 298 1096 Pinii
314 1052 461 1100 dilserrationes
477 1055 551 1101 latinas
567 1058 592 1102 de
602 1054 690 1118 antiqui

112 1113 327 1177 Ecclesrae'diseiplina‚
337 1119 474 1183 ejusdemque
484 1119 562 1167 librum
569 1123 595 1166 de
600 1122 691 1183 potesla-
738 1174 741 1183 ,Ἰ

112 1177 133 1226 te
144 1177 274 1226 ecclefiasiica
284 1186 307 1228 &
314 1181 438 1244 temporali,
447 1201 487 1233 nec
501 1202 546 1233 non
556 1185 640 1252 Batclaji
650 1188 689 1233 Pa-

111 1246 148 1290 tris
158 1250 180 1291 &
190 1245 232 1290 Filii
242 1245 281 1292 hic
293 1247 319 1292 de
328 1262 350 1293 re
360 1244 438 1311 scripta.
717 1264 718 1267 ’

124 1331 126 1333 >
138 1351 139 1354 ,
178 1313 212 1355 De
222 1309 305 1357 diverfis
316 1313 409 1376 denique
420 1312 572 1377 questionibus
579 1313 688 1376 particula-

110 1373 169 1421 ribus
184 1375 285 1424 historicis
305 1392 369 1440 atque
385 1380 558 1444 chronologicis,
574 1382 596 1425 in
612 1382 689 1443 Majori

112 1442 282 1492 mentientibus,
298 1445 433 1498 modernos,
450 1448 488 1508 qui
510 1462 543 1491 eas
563 1446 691 1506 pertradimt'

111 1507 208 1553 auderes
218 1506 310 1560 videsis,
320 1512 377 1555 &tut
389 1525 456 1556 totam
468 1509 574 1556 hist'oriam
589 1526 631 1556 una
641 1509 697 1556 serie.

111 1574 250 1633 persequaris,
258 1576 388 1625 Rutunium,
399 1577 422 1621 Ρ)
431 1578 488 1638 Pagi,
494 1574 624 1621 Tillemontii
630 1592 689 1621 com·r
712 1616 714 1619 ,

111 1640 237 1689 memmius,
255 1640 285 1684 du
296 1640 350 1684 Pinii
365 1637 517 1686 Bibliotheeam
532 1639 688 1687 Ecclefiaslieam

111 1708 134 1750 dc
143 1703 223 1750 Natalis
239 1704 352 1751 Alexandri
362 1706 475 1752 Historiam
493 1705 628 1765 perscruteris.

178 1771 210 1813 En
222 1772 334 1820 materias,
351 1769 429 1832 quibus
444 1787 501 1817 curas
516 1774 636 1835 impendere
651 1773 690 1818 dei

111 1831 147 1879 bet
157 1865 165 1885 ‚
182 1836 323 1897 quiliceutiae
332 1838 391 1883 acius
403 1836 501 1899 suscipere
511 1851 573 1901 atque
588 1840 641 1884 tueri
650 1855 688 1901 ag‹

111 1901 205 1963 greditur
219 1919 228 1962 3
244 1904 300 1948 idern
310 1902 355 1948 ¹hoc
368 1902 461 1948 studium
474 1906 496 1959 itt
506 1903 629 1967 disputando
651 1901 696 1965 ipsi

111 1967 218 2024 proderit,
235 1984 285 2012 nam
299 1966 351 2013 dum
363 1969 410 2030 quis
426 1984 489 2030 opera
501 1982 546 2015 ante
564 1971 686 2021 nominata,

112 2044 189 2077 attente
198 2032 260 2096 legit,
275 2031 408 2081 difficultates
420 2050 508 2097 quoque
518 2039 540 2080 in
551 2037 582 2080 eis·
589 2038 688 2087 inveniet,

112 2112 160 2156 qnae
171 2102 252 2144 moveri
262 2098 384 2163 aburraque
390 2115 448 2163 parte
454 2098 550 2162 possunt,
559 2099 688 2147 sacultatem·

112 2176 158 2223 que¹
167 2159 203 2207 fibi
214 2165 343 2228 comparabit
353 2197 360 2219 ,
378 2165 488 2212 sententias
500 2163 539 2211 suis
549 2166 626 2229 placitis
637 2183 689 2214 con-

45 2290 48 2296 l
110 2229 179 2274 trariis
190 2226 310 2285 resutandi,
326 2232 359 2279 vel
371 2236 483 2297 praecipuas
497 2229 627 2345 difficultatefs
640 2231 698 2296 pio:-

621 2315 682 2346 eren·
