1495 2681
307 95 550 190 anniane.

134 248 227 312 quippe
236 250 279 313 qui
291 247 498 312 exquifitarerum
510 249 647 315 diligentia,
654 251 715 299 niti·
739 299 741 304 ,

137 319 169 372 da
183 322 229 373 stili
242 323 377 389 elegantia,
389 320 512 371 c‘oncinua
528 323 648 375 scribendi
664 339 719 374 me-
730 377 740 381 a,

137 396 233 457 thodo‚
244 398 363 463 divitique
375 397 537 454 eruditionis,
547 399 667 465 imprimis
679 399 717 450 hi·

137 471 214 523 storiae
224 474 343 524 litterariae
355 472 516 539 Theologicae
528 474 659 540 adparatu,
677 491 717 525 ce-

136 549 196 599 teris
204 549 324 601 omuibus
334 550 445 616 palmam
455 560 510 599 non
521 548 602 599 solum
614 551 717 602 dubiam

136 624 232 685 reddit,
243 624 285 675 sed
300 628 375 676 etiam
392 626 502 690 praeripit.
539 625 632 675 Exinde
643 627 717 677 facile

136 699 258 766 colligere
267 701 315 760 est,
326 701 395 765 supra
402 714 460 749 cum
470 698 545 750 laude
556 702 717 752 nominatum

136 775 168 826 D.
179 773 289 843 Pfhffium
299 775 365 826 haud
374 770 418 826 abs
429 789 519 837 re,nec
528 776 628 825 incaute
639 776 718 842 optas-

134 850 174 914 se,
189 863 217 901 ut
226 852 317 918 aliquis
327 851 420 903 librum
432 850 498 901 hunc
514 845 662 919 obfirmmam
675 851 719 902 ele-

80 973 82 976 .
130 928 242 997 gantiam
259 928 331 986 (sunt
348 926 420 992 ipfius
436 926 453 975 1.
471 941 493 976 c.
507 926 598 991 verba)
615 927 641 976 in
659 927 719 976 Lin-

134 1018 211 1068 guam
221 1002 337 1053 Latinam
349 1012 512 1053 couvetteret.
559 1001 622 1053 Noli
633 1014 718 1052 autem

135 1090 236 1144 putaret
251 1077 313 1126 nihil
324 1080 351 1126 in
372 1076 422 1127 hoe
438 1078 504 1127 libro
521 1079 575 1139 jure
590 1076 718 1129 desiderati

135 1152 222 1218 poffe5
240 1152 325 1218 paffim
344 1153 420 1204 obvia
443 1151 560 1216 habebis,
574 1169 634 1219 quae
652 1154 718 1204 criti-

128 1236 213 1288 cum,
231 1229 314 1279 velut
335 1240 431 1278 veteres
446 1227 603 1294 loquuntur,
628 1230 717 1280 Gram-

133 1307 255 1355 maticum
273 1318 378 1354 examen
394 1305 503 1354 omnino
514 1302 717 1356 sustineredebe-

132 1392 195 1440 ant,
221 1395 275 1446 quae
291 1377 387 1430 nonnisi
403 1378 515 1445 adsperso
530 1379 577 1430 sale
596 1379 641 1430 sint
656 1381 717 1430 reci-

132 1455 224 1522 pienda
235 1494 242 1514 ‚
259 1471 345 1521 quaeve
355 1456 439 1522 negari
445 1453 543 1520 prorsus
553 1457 716 1520 reiiciqueve-

132 1534 190 1582 ritas
204 1531 289 1595 iubeat
301 1554 307 1582 :
324 1544 398 1596 atque
409 1531 440 1582 ab
450 1530 490 1580 his
499 1531 603 1594 quidem
620 1548 653 1582 eo
664 1545 715 1593 cet-

132 1609 182 1658 tius
192 1622 211 1668 ,j
219 1608 266 1657 tibi
277 1607 387 1662 cavebis,
400 1622 452 1671 quo
464 1604 575 1657 craffiora
585 1607 653 1664 sunt,
669 1607 715 1656 du-

131 1682 245 1749 dumque
263 1680 278 1732 ὲ
294 1682 440 1733 nostratibus
450 1680 590 1748 Theologis
605 1680 715 1748 solidissi-

131 1774 174 1810 me
185 1760 298 1828 refutata.
344 1760 409 1828 Qtis
420 1759 489 1808 enim
501 1773 530 1807 ex
542 1757 666 1825 discipulis
672 1756 715 1818 est,

130 1851 210 1899 quem
222 1835 367 1886 divinorum
378 1833 501 1884 librorum
517 1835 545 1883 in
557 1834 629 1885 rebus
640 1834 670 1885 ad
680 1833 714 1883 sa-

130 1911 211 1962 lutem
222 1911 401 1977 pertinentibus
412 1908 555 1963 sufficientia
568 1910 666 1976 fugiat?
682 1908 714 1961 ad

23 1957 24 1960 Ἴ
58 2030 59 2033 ,
130 1986 196 2036 solos
209 1985 269 2044 hos,
281 1988 305 2035 ὅ(
319 1986 409 2036 nullibi
424 1984 455 2034 ad
468 1985 612 2036 traditiones
625 1986 713 2035 huma-

131 2076 189 2120 nas,
201 2062 317 2111 disertum
334 2062 388 2112 DEl
408 2062 557 2111 mandatum
573 2060 634 2121 fert,
651 2062 716 2111 utin

131 2136 205 2186 rebus
215 2136 272 2186 fidei
278 2138 469 2204 confugiamuS,
481 2138 508 2186 in
520 2151 660 2203 eorumque
666 2137 717 2203 pla·

118 2215 185 2267 ecitis
198 2224 314 2276 tanquam
328 2210 493 2262 unici-salutis
509 2211 595 2264 nosttae
605 2209 716 2265 anchord

126 2287 224 2355 *placide
240 2288 428 2354 adquiescamus
441 2296 455 2348 '3
478 2286 510 2337 ad
526 2286 573 2339 laos
583 2327 593 2351 „
609 2289 717 2356 minime

656 2379 717 2416 veto
