1495 2681
110 125 201 181 chan
214 78 319 186 luerit.
334 92 550 197 CARXXVHL-
573 131 627 193 267

46 248 100 295 quas
111 248 185 280 natura
193 233 231 277 ferr
237 234 397 292 amplitudinem
408 232 628 294 ‚·neceonsquesctu-

46 300 113 345 tando
123 306 229 360 penetrare
240 297 339 361 possunt:
357 301 410 361 quin
421 296 463 344 salli
474 302 593 347 interdurn,
603 295 643 351 ᾗ.-

46 363 112 426 bique
123 360 220 428 religioni
233 367 308 413 ducere
319 365 405 429 possunt
417 364 470 411 illud
482 362 631 424 sncete‚quod

46 442 174 477 tamennon
189 430 219 479 est
229 432 360 492 prohibitum
374 453 381 491 3
397 431 521 494 praeterhaec
530 430 631 476 humanm

45 495 102 560 leges
113 495 184 543 mulne
194 498 335 561 ignorantur:
352 501 417 562 igitur
426 500 448 543 in
465 498 569 564 ejusmodi
581 493 630 544 casr-
668 513 669 516 ¹

46 561 87 609 bus
98 578 134 608 eos
144 564 200 609 adire
212 580 266 626 opus
279 565 320 617 est,
338 567 376 628 qui
389 564 493 628 peculiare
504 565 529 609 ad
541 562 630 610 resistas
655 600 656 603 ,

44 628 137 675 studium
148 630 274 682 contulere,
291 647 314 678 ut
329 631 391 678 abiis
406 629 522 678 decifiones
533 644 630 675 mentem
679 663 681 665 ψ
745 635 746 639 ’

45 694 205 759 tranquillantes
220 698 363 745 nanciscantur
371 713 379 749 3
396 713 488 760 quarum
502 697 570 743 dudlu
581 694 629 742 tuto

45 758 145 825 progredi
157 771 225 825 quean
259 758 452 825 Qemadmou'um
464 766 486 809 in
496 765 535 809 hac
546 765 589 808 vite
601 762 629 808 ad
672 822 674 825 .

45 825 132 878 salutem
148 829 199 875 nihil
211 829 240 876 est
254 834 338 897 majoris
350 833 473 881 momenti,
491 846 557 894 quam
576 845 629 875 con-

44 891 112 940 filium
136 891 255 941 sancium:
283 900 311 943 ita
324 895 387 946 vnihil
416 898 512 961 majorisv
528 895 627 958 periculi,
656 911 657 914 ¹

45 958 135 1022 quamfi
148 952 195 1024 quii
211 965 286 1009 audeat
295 984 302 1014 ,-
317 963 431 1029 ejusmodi
439 958 553 1008 decifiones
564 962 628 1010 date,

44 1025 200 1073 cuiintelledlus
210 1045 312 1079 acumen,
329 1027 443 1092 debitaque
453 1024 637 1090 capacitasvdefitr

44 1093 116 1155 itaque
128 1092 157 1139 illi
162 1125 170 1147 ‚
188 1097 226 1156 qui
233 1094 351 1142 facultatem
365 1095 424 1140 istam
442 1092 582 1156 profitentur,
594 1088 629 1138 vel
692 1100 693 1103 ’

44 1162 82 1219 qui
94 1160 119 1205 nd
136 1162 264 1208 conscientiae
279 1161 334 1208 casus
345 1161 477 1218 decidendos.
488 1161 582 1205 muneris
598 1157 629 1204 sui

43 1221 134 1286 impulsu
146 1224 254 1286 seruntur,
269 1228 361 1273 studium
377 1226 438 1273 suurn
453 1225 585 1289 peculiariter
601 1224 640 1270 ad·

43 1289 66 1334 id
91 1294 202 1352 negotium
229 1291 324 1340 conserte
349 1290 446 1345 debent,
472 1290 559 1337 illorum
585 1289 627 1337 est:

49 1363 82 1402 10.
93 1355 197 1402 ‘Divinam
212 1356 281 1423 legem
298 1358 407 1421 diligenter
417 1358 527 1409 meditari,
538 1360 627 1420 ejusque

44 1421 177 1483 complexum
191 1438 262 1470 tenere
273 1423 405 1476 universum,
420 1440 467 1470 tum
478 1422 544 1469 elsein
552 1437 628 1468 tenen÷

43 1486 74 1530 dis
84 1489 127 1550 ejus
139 1487 258 1550 praescriptis
269 1488 373 1536 intubiles.
397 1485 537 1538 ''20.Neceffe
547 1488 591 1541 cll,
603 1501 628 1533 ut

43 1550 522 1618 conciliorum>canoncstcclefiaequeusum
536 1569 579 1600 tam
591 1571 628 1600 ve·

42 1629 125 1669 terem,
143 1634 208 1680 quarn
235 1617 366 1667 modernum
392 1621 482 1668 habeant
509 1621 627 1685 cognitum.

44 1692 78 1736 30.
89 1683 146 1728 Sicut
159 1685 258 1747 permulti
268 1688 290 1732 in
310 1686 415 1749 disciplina
426 1685 556 1733 ecclefiaslica
570 1685 627 1733 casus

42 1748 128 1801 dantur,
142 1754 178 1813 qui
191 1750 202 1796 ὲ
209 1754 256 1817 jure
272 1756 376 1799 canonico
394 1754 530 1817 dependent,
546 1754 575 1797 ita
586 1769 626 1797 ne-

42 1812 118 1860 cessum
129 1816 170 1865 est,
187 1833 211 1862 ut
221 1818 253 1864 vel
264 1821 379 1865 minimum
390 1819 577 1884 legerintGratiani
588 1819 625 1864 de-

42 1895 142 1930 cretum,
159 1885 217 1929 &ad
231 1883 283 1930 illud
299 1900 402 1948 tanquam
417 1887 443 1931 ad
459 1883 626 1930 fundamentum

13 1986 15 1988 .
40 1945 88 1991 usus
99 1948 196 1993 moderni
205 1948 283 1997 serente
292 1949 402 1999 occasione
418 1948 533 2013 confugere
544 1953 625 1997 norint.

41 2021 76 2070 40.
91 2010 156 2059 Haud
166 2014 241 2061 inutile
251 2014 298 2078 ipsis
310 2014 364 2063 soret
376 2048 383 2067 ,
397 2015 581 2081 fimeliorestjuris
591 2014 626 2061 cn·

41 2077 114 2122 nonici
133 2091 328 2134 commentatores,
348 2082 515 2144 celebrioresque
530 2081 625 2128 casuistar

8 2201 10 2203 Ι
40 2143 183 2208 perlegerint3
200 2148 232 2192 his
244 2146 436 2199 scilicetdecifioues
446 2150 489 2193 luas
497 2147 626 2210 superstrue-

39 2223 62 2254 re
74 2225 175 2270 poterunt
192 2233 199 2269 3
223 2210 469 2271 eritatistantummodo
486 2213 572 2260 duobus
588 2230 626 2259 ex-

40 2273 144 2334 ceffibur,
161 2294 257 2341 quotum
267 2282 324 2345 prior
335 2278 465 2343 frequentior
475 2273 546 2336 elbin
553 2295 626 2341 eoque

571 2359 622 2391 con-
