1495 2681
149 122 205 178 300
241 108 355 184 innox
390 108 643 181 Qpnsrtonun.

164 209 213 257 Vid.
228 213 251 256 Ρ.
264 211 354 259 Calmeti
370 212 480 259 dissertatio
492 214 582 259 deveris
594 210 729 258 &finismi-
743 260 745 263 ,

197 277 271 323 taeniis
281 277 308 332 ab
319 281 380 324 initio
397 280 469 327 Exodi.

148 346 182 389 De
192 346 262 405 angelo
268 373 275 395 ‚
286 347 338 405 Mefi
347 347 367 389 in
378 348 494 408 AEgyptutn
505 344 611 396 redeunti,
620 342 687 406 obniti,
693 341 728 387 de.

179 425 219 472 que
228 411 370 470 cireeemtifione
377 411 412 469 stri
417 411 465 470 filii.
539 435 541 439 ·

78 507 79 512 ,
162 475 211 518 Vid.
223 477 314 518 Moncaei
324 472 441 520 dissertatio.

144 543 180 583 De
183 540 252 600 plagis
262 542 394 601 AEgyntiaeis.

160 604 209 648 Vin.
220 617 405 648 commentatores,

146 672 180 715 De
188 681 275 730 tempore
289 666 314 713 Εἴ
327 668 439 713 cerimoniis
448 669 514 728 primi
526 668 644 730 paschatis,
660 670 723 734 deque

176 733 314 792 Israelitarnm
324 750 350 778 ex
360 740 447 796 AEgjpto
458 734 520 778 exitu.
640 742 644 746 ’

158 798 208 844 Vid.
220 813 291 859 praetet
302 812 481 844 commentatores
492 799 517 845 P.
523 800 581 844 Lami
588 800 614 845 de
620 798 723 852 Paschatn

175 864 258 925 quique
268 862 373 909 calamum
384 862 479 909 adversus
486 878 535 917 enm
543 864 674 912 strinxerunt.

141 934 176 975 De
183 931 268 990 trenfitte
277 943 314 990 per
323 945 380 974 mere
390 930 478 974 rubrum.
544 938 545 941 ’

156 993 205 1039 Vid.
217 993 309 1039 Calmeti
321 991 363 1039 diff
372 993 398 1040 ab
408 995 469 1038 initio
477 993 550 1039 Exodi.

140 1065 173 1104 De
184 1060 394 1120 transmigrationibus
404 1060 543 1119 Israi'litarnm
557 1062 578 1104 in
592 1058 673 1119 altstete.

156 1125 204 1170 Vid.
213 1124 233 1168 S.
239 1125 366 1183 Hieronymi
376 1125 402 1169 ad
413 1122 520 1170 Fabiolam
529 1124 632 1186 Epistola,
641 1128 722 1189 quique

188 1189 347 1252 Geographiam
358 1191 439 1235 Sacram
451 1186 612 1252 confignatunt,
633 1196 655 1238 &
664 1194 721 1239 inter

187 1254 238 1300 aiios
248 1255 387 1308 samsonis,
398 1258 421 1302 P.
426 1255 518 1302 Caltnet.

136 1325 171 1367 De
181 1327 267 1366 Minna.

152 1388 200 1434 Vid.
210 1385 314 1432 Buxtotfii
325 1384 444 1433 &salmasii
455 1387 622 1432 Exercitationes.
633 1386 717 1435 Calme-

186 1465 220 1496 tus
230 1454 253 1496 in
272 1467 315 1514 cap.
330 1454 365 1499 16.
374 1453 449 1498 Exodi.

136 1523 168 1563 De
184 1519 310 1579 apparitione
323 1523 378 1562 DEI
390 1521 412 1563 in
427 1530 494 1564 monte
504 1519 574 1569 Sinai,
584 1516 653 1581 deque
668 1520 717 1581 legis

165 1584 296 1644 promnigete
306 1585 390 1628 ratione.

149 1649 199 1693 Vid.
214 1649 410 1695 Commentatotes.

133 1720 168 1761 De
176 1712 277 1775 decalogo.
345 1742 347 1744 v

149 1780 198 1828 Vid.
215 1781 310 1825 Grotius.
322 1776 653 1842 Commentatores&Theologi
666 1792 715 1824 rno-

181 1844 242 1890 tales.

132 1917 166 1957 De
181 1911 298 1964 sabbatio,
321 1908 452 1956 institutione
474 1909 517 1973 ejus
532 1924 596 1973 atque
616 1907 714 1956 observa·
740 1952 743 1963 .

165 1991 230 2023 tione.

146 2044 195 2090 Vid.
204 2039 303 2087 Ofiandti
315 2037 432 2119 differrem.
466 2041 500 2103 De
516 2041 598 2103 origine
612 2038 712 2086 sabbathi

177 2111 247 2152 Franc.
258 2109 378 2158 Gomarrn,
390 2105 456 2151 Andr.
466 2108 566 2162 Rivetus,
582 2106 638 2155 Gttil.
646 2109 712 2151 Ame-

178 2169 219 2216 fius
231 2178 253 2217 &
262 2176 308 2233 Jar.
319 2174 413 2219 Henrici.
430 2173 451 2218 it.
458 2173 536 2236 Geotg.
548 2169 711 2218 Abbotidesen-

176 2234 207 2282 sto
220 2237 328 2286 sabbathi,

669 2301 718 2352 'De'
