1495 2681
121 136 159 177 20
195 118 361 176 Mararonus
381 107 633 174 Sruonrmoroe.'

120 227 191 291 plures
206 232 274 289 quiin
289 226 396 273 ttadlandd
411 226 531 290 Theologia
548 226 651 271 methodo
670 221 708 268 ista

121 290 260 358 gaudebant,
276 295 297 337 in
311 293 400 338 diversos
413 307 535 353 raperentur
544 307 633 342 errores,
645 290 708 334 mini-

121 356 184 405 mtim
198 375 226 404 eo
241 357 261 403 se
276 360 345 403 modo¹
358 356 496 418 explicarent,
514 361 551 419 qui
567 356 594 402 ab
603 359 645 407 iis,
668 354 707 416 qui

123 422 229 469 sententia
250 427 363 484 modisque
384 422 487 482 loquendi
509 425 593 467 Parrum
620 421 708 466 inhaere-

123 486 279 551 banniamus
290 484 331 532 fuit
339 487 533 547 atquedarnnatus:
549 485 667 532 Accedebat
673 485 706 528 in-

123 552 265 599 commodum
276 551 351 611 aliud3
367 549 450 598 scilicet,
461 549 591 597 Auctoribus
602 553 633 598 his
641 552 666 596 in
674 549 707 594 di-

122 616 190 664 versas
201 618 252 662 circa
263 619 375 660 maximam
382 613 521 675 questionum
530 630 610 677 patrem
621 616 707 678 opinio-

123 699 161 728 nes
173 680 300 727 abeuntibus
312 709 319 729 ,
337 676 397 739 spille
410 682 574 726 contentionum
587 681 707 742 disputatio·

123 760 221 806 numque
229 743 297 788 nubes
306 747 328 787 in
339 742 533 806 coeloTheologico
545 744 591 806 plus
602 747 646 790 vice
658 742 707 788 snn·

122 811 172 873 plici
181 808 282 854 obortae:
299 811 370 870 Atque
383 823 407 852 ut
418 808 557 869 quaestionum
573 824 674 855 numerus
684 811 707 852 in

122 878 167 921 dies
179 872 280 920 crescebat
291 904 299 925 ,
310 878 333 919 δι
347 875 438 935 quisque
453 874 478 918 ad
493 872 646 919 defendendam
658 874 707 934 opi-

122 943 212 987 nionem
222 938 279 984 suam
290 935 530 1000 subtiliffimaquaevisex
537 941 618 1000 Logicis
628 944 650 985 dc
660 941 707 983 Me·

124 1002 233 1067 taphyficis
246 1002 377 1049 Aristotelicis
389 1006 411 1047 in
421 1005 514 1049 medium
523 1002 645 1067 proferebat
655 1024 662 1061 5
679 1004 707 1047 ita

124 1070 274 1130 disputationes
288 1070 311 1112 in
326 1066 433 1113 infinitum
448 1069 502 1130 pene
517 1069 708 1130 multiplicabantur

125 1137 230 1194 tantisque
244 1132 338 1177 tenebris·
349 1132 527 1197 vitilirigationurn
536 1149 599 1196 atque
609 1137 707 1179 tricarum

124 1197 302 1246 involvebantur,
315 1212 338 1243 ut
347 1197 380 1242 vel
393 1197 404 1242 d
421 1196 567 1245 callentiffimis
583 1193 630 1245 artis
645 1199 708 1261 hujus

125 1261 290 1325 deploratisfrmae
301 1262 400 1323 magistris
412 1265 446 1307 vix
458 1263 503 1309 saris
510 1279 644 1325 caperentur,
653 1262 709 1307 ane-

125 1331 183 1376 rnine
195 1342 265 1372 autern
276 1326 403 1373 solverentur
416 1327 516 1389 prorsus:
531 1330 603 1375 adhaec
618 1327 709 1374 elurnbis

125 1398 198 1439 earum
214 1393 309 1437 tractatio
324 1395 451 1454 terminique
466 1392 565 1447 barbati,
579 1395 618 1456 qui
628 1407 709 1439 urtam-

124 1474 169 1522 que
185 1457 270 1520 semper
281 1461 380 1521 paginam
389 1456 501 1509 sariebant,
518 1475 606 1505 omnem
617 1473 662 1504 rem
668 1459 708 1504 mi-

126 1540 176 1571 1um
189 1526 212 1568 in
223 1524 313 1568 modum
324 1521 476 1569 deformabant.

194 1590 229 1634 Ad
239 1586 368 1634 afferendum
387 1587 443 1632 malo
458 1589 508 1635 huic
521 1589 636 1635 remedium
649 1604 708 1634 eom-

126 1667 201 1700 motus
221 1656 294 1699 Petrus
307 1652 440 1698 lombardus
459 1652 572 1716 Episcopus
593 1651 708 1700 Parisrensis

126 1717 255 1783 fatraginem
267 1717 350 1781 collegit
360 1719 514 1765 Sententiarum
531 1721 543 1765 ὲ
552 1720 633 1766 Sanctis
642 1721 709 1764 Parri-

125 1782 174 1837 bus,
180 1785 282 1845 imprimis
288 1784 380 1833 Hilario,
390 1782 514 1838 Ambrufio,
525 1787 670 1845 Hieronymo,
685 1788 708 1829 dc

125 1848 147 1897 S.
154 1850 274 1911 Augustino
286 1851 312 1894 ad
322 1851 444 1911 precipuas,
453 1866 501 1912 qnae
510 1851 666 1912 cunctemporis
674 1850 708 1893 in-

127 1928 158 1960 ter
170 1913 307 1961 Scholasticos
323 1914 474 1977 agitabantur,
494 1917 619 1979 quaestiones
636 1933 641 1959 ι
662 1929 708 1976 per·

127 1979 213 2025 suadens
223 1978 261 2025 sibi
268 1978 328 2034 sore,
339 1995 363 2025 ut
373 1980 415 2026 hoc
426 1983 494 2027 modo
504 1997 579 2026 eorum
591 1981 636 2026 lites
647 1996 708 2025 com·

126 2044 256 2107 ponerentur
275 2063 284 2106 5
318 2044 410 2108 talesque
430 2043 571 2093 formarentur
594 2043 708 2092 decisiones

126 2108 214 2171 quarab
222 2111 344 2157 audiorirate
354 2114 437 2158 Parrum
447 2143 454 2163 ,
468 2128 562 2175 quorum
571 2110 675 2157 sententiis
684 2127 707 2157 ac

126 2175 251 2220 testimoniis
266 2176 428 2230 innitebantur,
448 2179 606 2226 venerationem
620 2178 706 2240 adepte,

125 2242 222 2288 unanimi
235 2242 333 2293 consensu
342 2241 370 2291 ab
381 2242 482 2292 omnibus
492 2246 621 2308 recipiantur.
645 2242 709 2356 lCepi-

654 2325 664 2355 e
687 2323 710 2357 ιο
