1495 2681
122 119 157 185 58
195 110 636 181 MutuonusStunuTuuosou„

119 225 181 288 quod
191 222 253 272 usum
274 223 350 271 habete
370 224 431 271 suum
447 226 531 287 potest,
546 218 699 278 excusationem

118 307 212 338 meretur
225 292 306 353 utique.
325 335 327 338 ,
337 291 378 337 Sed
388 290 426 337 illis
438 291 495 338 nulia
504 292 571 339 danda
586 291 614 339 est
624 294 699 342 venia,

119 360 158 422 qui
170 356 208 405 sub
221 370 320 419 praetextn
331 359 412 419 pietatis
418 355 465 403 falsa
475 360 579 406 &incerta
588 356 641 404 fasta
647 374 700 403 ven·
712 415 713 418 Ἰ

119 427 201 477 ditant,
210 422 273 467 literis
285 423 402 475 mandant,
414 419 548 477 defendunt,
559 424 645 490 aliisque
654 440 699 478 cte·

119 491 188 537 denda
202 487 281 533 temet&
293 487 417 535 obtrudunt.
477 536 478 541 ¹

190 621 245 666 Non
255 617 322 663 solum
329 631 400 662 autem
409 616 535 677 imposturas
544 616 582 664 has
589 618 698 671 ctaffiotes,

117 684 245 747 fabulasque
253 713 260 734 ‚
278 682 435 745 quasaucffiotes
444 682 522 728 nullius
533 682 582 729 fidei
591 688 698 750 excogita-

115 767 166 798 runt
176 781 183 803 ,
195 750 263 810 inque
275 746 351 809 vulgus
367 745 508 797 seminarunt,
524 747 637 813 theologus
651 754 698 815 teji·

115 833 161 864 cete
170 813 246 865 debet,
256 812 288 859 sed
298 829 337 858 nec
345 830 382 864 ea,
390 812 637 877 utAugustinusmonet,
648 832 696 878 qux

113 884 230 946 Scriptores:
240 879 330 926 celebres
339 877 471 941 scripserunt,
483 875 527 924 fine
538 883 634 926 examine
644 885 696 928 reci-

113 965 163 1014 pere
173 947 251 999 debet,
263 948 325 1007 quia,
338 943 493 994 exercitatissimi
502 944 548 990 iicet
561 943 650 998 fuerint,
659 949 696 994 de-

115 1017 155 1076 cipi
166 1012 200 1059 vel
209 1011 236 1059 ab
252 1011 295 1057 aliis
306 1010 374 1056 seduci
384 1023 507 1071 potuerunt.
539 1010 616 1057 Nullus
631 1010 696 1059 ferm&

113 1080 224 1126 historicus
242 1076 354 1140 (auctores
370 1076 469 1121 divinitus
485 1075 592 1137 inspiratos
602 1080 694 1141 excipio)

113 1144 166 1196 fuit,
183 1145 254 1204 &quo
266 1157 312 1186 non
328 1140 423 1202 exempla
444 1156 539 1187 enorum
557 1141 695 1205 lapsuumque

112 1207 224 1255 monstrati
234 1204 327 1270 poiseus,
337 1208 359 1250 in
382 1222 437 1267 quos
449 1207 521 1252 incidit
536 1222 571 1253 aut
582 1210 634 1253 vitio
642 1209 695 1255 teia-

112 1277 198 1320 tionum
213 1277 236 1319 &
253 1273 467 1323 commentariorum,
481 1287 536 1333 quos
547 1270 649 1335 sequitur,
660 1274 694 1321 vel

112 1339 217 1402 diligentia
223 1338 296 1382 minus
303 1338 393 1386 adtenta,
399 1351 435 1382 aut
442 1333 525 1382 defectu
532 1336 621 1382 scintinii
633 1356 693 1385 accu-

111 1406 205 1451 sationis.
238 1405 292 1463 Jure
306 1403 390 1464 itaque,
408 1404 430 1446 in
441 1403 547 1451 veritatem
561 1403 692 1452 historiarum

111 1469 140 1517 ab'
151 1487 178 1517 eo
188 1469 312 1515 traditurum
322 1468 412 1530 inquiri,
419 1466 560 1513 &secundum
569 1467 693 1532 tegulascti.

111 1538 161 1582 sicas
168 1535 274 1600 judicium
286 1534 312 1578 de
322 1531 360 1578 iilis
370 1532 418 1578 serti
423 1535 500 1593 poterit
510 1553 516 1580 :
539 1535 596 1579 Cum
607 1552 655 1581 cura
660 1551 692 1582 ta-

110 1616 161 1647 men
174 1597 234 1644 fimul
248 1599 369 1646 cavendum
384 1627 391 1650 ‚
408 1598 468 1642 neiu
487 1596 597 1660 oppositos
612 1598 693 1648 fibimet

110 1664 201 1713 excessus
208 1663 393 1720 hinosincidatur3
410 1678 504 1724 quotum
513 1664 691 1712 unusestaudacin

109 1734 187 1780 nimia,
197 1745 240 1792 qua
251 1727 352 1775 nonnulii
366 1727 421 1774 facta
434 1726 460 1773 ab
472 1728 595 1776 auciotibus
606 1730 648 1777 fide
660 1734 692 1777 di-

109 1799 157 1863 gnis
166 1794 240 1845 teian,
257 1792 340 1855 absque
355 1793 482 1855 argumentis
493 1792 626 1857 firmisntque
635 1795 690 1842 suffi-

109 1860 212 1909 cientibus
222 1874 326 1920 tanquam
336 1855 383 1903 salsa
392 1860 484 1922 rejiciunt
493 1887 500 1909 ‚
515 1859 691 1913 altetobstmatio,

109 1943 152 1989 qua
162 1927 236 1971 vetitas
253 1922 362 1969 succorum
380 1921 406 1967 ab
418 1923 504 1987 auuote
518 1941 571 1977 uno,
586 1926 634 1971 alias
649 1926 691 1974 fide

109 2007 156 2037 nun
167 1993 256 2053 indigno
270 2020 276 2040 ,
290 1987 405 2034 relatorum
422 1991 545 2049 pertinacius
559 1988 690 2044 defenditur,

110 2073 158 2120 quae
167 2071 236 2101 tamen
246 2055 282 2101 vel
297 2070 336 2117 per
350 2054 448 2099 auctores
458 2052 523 2104 alios,
535 2054 568 2100 vel
579 2059 689 2117 petratio.

109 2138 148 2167 nes
157 2120 231 2166 solidas
241 2116 472 2167 attevidentessalfitatis
482 2116 497 2162 fi
508 2136 553 2164 non
564 2137 632 2183 aperte
638 2139 689 2170 con-

108 2187 165 2232 vicia
176 2200 229 2231 cette
239 2188 266 2231 aci
276 2187 390 2232 minimum
399 2185 533 2243 vehementer
542 2183 632 2248 suspecta
641 2190 689 2234 red.

108 2253 195 2300 duntut.
226 2253 298 2299 Criniti
317 2252 367 2299 duas
378 2247 439 2314 supet
451 2249 491 2297 hac
499 2266 521 2297 te
531 2251 593 2300 nobis
607 2253 690 2319 tegulas

644 2321 689 2384 sup-
