1495 2681
85 74 380 147 Rrerrlrt'srrrurrtnt.
400 80 521 137 Cinltt.
557 103 594 153 49

82 196 179 256 Qirtus
188 187 262 234 abuius
272 190 294 233 in
304 204 330 233 eo
337 188 356 232 le
361 191 442 247 prodit,
457 190 543 249 quando
548 205 594 236 me.

17 260 86 314 rhodo
95 256 231 316 terminisque
240 269 303 298 novae
312 251 422 297 dialeelicae
431 251 551 314 strperliiose
560 256 594 299 nl-

16 328 57 368 mis
66 322 130 381 aliqui
139 320 249 368 inherent,
261 334 337 380 resque
346 315 474 380 theologicas
484 317 594 366 locutione

16 386 76 434 sterili
87 400 109 429 ac
119 381 197 445 spinosi
205 385 307 435 natitant,
318 382 411 428 terminis
422 382 512 429 barbatis
522 388 544 430 &
555 387 594 446 qui

17 454 53 499 vix
64 465 118 494 acne
128 451 162 494 vix
169 452 253 510 quidem
262 448 348 512 intelligi
358 446 538 509 iplirnetquennr:
550 466 593 496 cer.

17 530 63 560 tum
75 513 116 566 est,
126 513 196 560 labem
203 516 259 560 hanc
267 514 372 577 plerisque
382 513 509 559 Scholasticis
518 516 593 568 Theo-

16 581 71 642 logis
80 577 119 625 elle
128 577 318 628 familiariffimatu‚
336 582 373 642 qui
385 577 511 641 plerumque
526 581 594 642 lpreto

16 647 39 689 in
51 646 161 691 [laetandis
175 644 275 707 capitibus
289 644 407 708 Religionis
422 645 505 690 dicendi
518 662 595 709 genere

18 712 74 772 gravi
84 710 195 773 nobilique
206 727 244 772 pto
252 713 371 773 argumenti
380 712 522 773 dignitate,&
532 727 594 757 amo-

17 790 73 825 tetn,
88 777 126 839 qui
142 779 171 822 eis
187 775 302 822 debebatur
313 779 336 820 δε
345 776 493 821 austeritatem
503 789 595 830 omn-em
654 827 655 830 Ἴ

19 843 136 891 amittunt.-
152 841 232 902 insuper
241 856 291 887 veto
301 837 537 902 tessactasmaximique
545 859 594 887 mo-

18 909 83 950 menti
95 900 146 965 stylo
156 904 256 959 barbaro,
267 907 352 965 inepto,
359 903 429 953 arido,
439 903 519 950 elnmbi
529 920 595 967 atque

19 968 104 1016 exsucco
110 1001 117 1022 ‚
128 973 166 1032 qui
176 972 247 1033 prae'tet
256 970 351 1014 nauseam
358 973 380 1013 nc
389 984 521 1016 contemtum
527 970 595 1017 letto.

12 1035 76 1082 ‘ribus
85 1036 136 1081 nihil
146 1052 211 1081 creare
222 1035 283 1085 solet,
293 1048 424 1095 proponunt.
441 1037 491 1080 Hac
498 1035 595 1091 estcanla,

19 1118 66 1163 quae
76 1115 117 1145 tarn
123 1099 394 1145 multosaScholallicotum
405 1098 511 1146 consortio
519 1100 597 1164 abegit,

19 1172 110 1228 qu'aeque
116 1161 225 1211 horrorem
236 1164 336 1211 omnibus
347 1166 375 1210 eis
380 1179 465 1227 gravem
472 1168 547 1229 injecit,
557 1170 595 1229 qui

19 1237 41 1277 in
51 1230 271 1294 elegantioreslitretas
282 1228 367 1275 naturali
379 1231 474 1292 quodam
486 1232 552 1276 duolu
563 1230 595 1279 le-

19 1297 133 1343 rebantur:
152 1296 254 1342 barbaries
279 1296 321 1341 lraec
344 1292 450 1341 ellentialis
470 1296 595 1361 Theologiae

18 1361 143 1408 Scholasticae
155 1377 202 1423 pars
216 1360 352 1411 credebatur,
368 1362 417 1421 quia
426 1360 507 1423 ubique
517 1360 595 1408 schola·
617 1387 618 1390 =

19 1429 66 1472 rum
79 1426 188 1490 regnabat,
205 1426 354 1489 Theologiqne
360 1427 385 1470 ad
393 1441 460 1470 unum
470 1425 596 1473 fete‘omnes

14 1495 92 1559 jugum
100 1495 142 1557 ejus
152 1490 252 1546 subibant.
285 1495 365 1536 Verum
376 1506 466 1536 erroneae
471 1508 597 1555 aepraecom

16 1574 81 1621 ⁴ceptae
93 1559 142 1603 huic
150 1559 247 1619 opinioni
261 1557 427 1601 renunciandum
438 1557 597 1610 meritoluillet,

19 1641 67 1670 cum
78 1622 167 1686 infignes
181 1621 262 1684 semper
272 1623 316 1668 Viti
331 1624 447 1672 extiterint,
460 1625 497 1685 qui
511 1625 596 1671 easdem

18 1690 113 1735 materias
123 1687 164 1749 alio
171 1688 231 1749 plane
238 1688 317 1738 morlo,
327 1686 416 1749 eleganti
423 1687 522 1740 videlicet,
531 1704 596 1751 atque

19 1758 106 1805 comto,
117 1768 220 1816 quantum
239 1753 337 1814 operibus
352 1755 474 1816 dogmaticis
483 1757 596 1801 convenite

17 1820 100 1884 potest,
110 1818 196 1865 nralcule
206 1815 345 1864 elaborarunt.

84 1887 178 1945 Qando
189 1887 257 1931 Patres
272 1883 393 1947 exemplum
411 1889 434 1929 δε
447 1885 564 1932 dominam
576 1887 596 1933 S.

19 1948 76 1997 Pauli
88 1950 149 1996 secuti
160 1953 183 1996 ln
199 1950 334 1996 Dialeettcam
354 1947 523 2002 invehebantur,
538 1951 597 1999 illam

18 2018 171 2063 tantummodo
181 2015 337 2078 vituperabant,
349 2030 396 2078 quae
407 2017 460 2060 vitiis
473 2018 542 2062 modo
554 2035 596 2063 no-

18 2082 103 2127 minatis
118 2097 159 2128 erar
174 2081 327 2128 commaculata
334 2112 344 2143 Ι,
365 2079 395 2124 usi
410 2082 533 2145 ceteroquin
559 2083 597 2147 ipsi

19 2145 133 2193 Dialetflice
148 2149 193 2195 sana
204 2148 229 2193 atl
239 2146 382 2194 confutandos
393 2145 514 2198 haereticos,
524 2150 600 2194 adex-

19 2212 140 2275 plicandum
152 2212 232 2264 lactum
244 2216 355 2267 codicem,
376 2209 517 2279 fideliumque
530 2214 602 2263 infor-1

19 2280 140 2343 mationem.
388 2278 409 2323 D
563 2282 597 2330 nt
