1495 2681
93 160 164 214 ²¹52
201 134 616 200 MernonnsSrnnuanorool
675 157 677 159 ¹

112 218 678 240 Μ

113 247 172 307 bone
188 252 302 297 dixerunt,
319 250 434 309 percipiat,
450 247 483 290 vel
497 246 578 291 nudum
595 256 682 292 eorum,

115 315 177 376 quod
190 314 308 379 objiciunt,
324 312 376 357 latus
386 309 511 373 cognoscar,
526 309 586 368 seque
601 307 627 350 ad
643 322 682 367 op-

115 382 257 442 pugnandum
272 392 309 422 eos
324 406 331 426 ,
350 375 475 422 instructum
489 385 623 438 paratumque
637 370 684 416 red·

117 444 160 488 dat.

237 641 438 706 CAPUT
484 637 600 706 X‘ll„
686 715 687 718 Ἴ

117 754 219 834 Regttlae
238 754 273 812 ad
288 754 456 830 dijudicandos
466 751 578 814 tumre,
589 754 688 832 tle-qud-

248 837 286 884 vis
298 832 397 885 materiei
409 832 558 901 corfirendos.
626 872 628 874 -

163 939 258 985 Tabiliris
266 940 369 1000 principiis
382 929 529 1000 generalibus,
539 942 561 985 in
572 940 648 1003 quibus
653 956 688 986 ve·
725 982 735 999 ο

179 1021 206 1049 rae
216 1004 340 1065 Theologiae
349 1003 429 1048 scientia
440 1001 523 1048 fundata
532 1005 572 1055 est,
588 1008 688 1065 variisque

178 1069 282 1114 methodis
293 1084 338 1113 eam
350 1067 437 1113 discendi
449 1068 582 1131 docendique
592 1069 689 1115 constitu-

122 1137 164 1183 tis,
178 1134 269 1177 studium
284 1133 325 1178 boc
340 1132 452 1178 secundnm
466 1135 530 1179 varias
543 1137 638 1180 materias
654 1134 690 1178 ad-

124 1198 228 1243 discendas
237 1198 344 1257 variasque
354 1200 481 1242 intentiones
492 1199 623 1244 membratim
634 1214 690 1243 nunc

120 1262 271 1325 exponendum
290 1261 324 1306 est.
364 1264 417 1308 Non
428 1260 516 1314 sufficit,
532 1266 607 1323 primas
623 1264 690 1308 modo

121 1328 238 1372 studiorum
249 1327 312 1370 lineas
320 1324 356 1370 fibi
366 1328 441 1371 ducere
452 1358 459 1377 ‚
474 1326 507 1371 sed
517 1327 623 1387 peculiaris
636 1344 690 1388 quo-

122 1408 165 1454 que
175 1389 278 1437 librorum
290 1391 428 1453 legendorum
442 1389 527 1437 seledlus
542 1392 570 1437 est
582 1393 690 1437 instituen-

122 1459 178 1506 dus,
194 1457 242 1502 alias
252 1458 275 1500 in
284 1455 388 1501 infinitum
400 1473 451 1509 nos,
461 1458 532 1501 omnia
540 1456 645 1519 perlegere
655 1474 692 1502 cu-

122 1524 219 1584 pientes,
243 1519 337 1565 laborem
363 1523 528 1583 conjiceremus,
554 1522 692 1582 nostrumque

123 1602 207 1648 tempus
216 1585 316 1631 inutiliter
327 1600 450 1634 tereremus,
467 1584 572 1630 srledtioni
581 1587 692 1631 annorum

124 1651 284 1699 obscuriorum,
302 1653 381 1711 quique
391 1651 484 1710 reliquos
496 1664 577 1700 tantum
590 1650 692 1711 exscriple-
729 1673 732 1675 ·

122 1731 190 1767 runt,
205 1716 381 1778 impenderemus.
416 1719 440 1760 ln
456 1714 580 1761 leledluhoc
598 1715 693 1779 prestan-

124 1786 187 1829 tiores
205 1783 316 1827 mediocris
338 1780 459 1840 eruditionis
477 1781 592 1844 Theologis
606 1797 693 1842 antepo-

124 1849 189 1894 nendi
202 1845 252 1891 sunt.
268 1855 302 1893 20.
314 1848 409 1891 Materies
422 1844 537 1900 solidiffrme
551 1849 693 1892 exhaurientes

125 1917 167 1967 iis,
185 1917 221 1975 qui
235 1910 574 1974 tantummodoillasdegullarunt.
592 1923 624 1967 30.
636 1912 695 1958 Mul-

125 1994 147 2028 ta
157 1981 225 2040 paucis
236 1980 342 2027 dicentes,
358 1980 423 2039 pauca
433 1977 502 2021 multis
517 1992 579 2039 atque
590 1995 626 2039 per
640 1977 694 2040 spilla

125 2044 235 2089 volumina
248 2041 398 2107 garrientibus,
424 2049 459 2101 4⁰.
475 2044 529 2087 Licet
539 2046 609 2104 primis
619 2045 694 2089 auers-

126 2109 184 2155 ribus
193 2110 320 2154 inventionis
329 2108 395 2171 gloria
410 2109 523 2161 debeatur,
536 2108 662 2170 bonumque
672 2111 694 2153 in

126 2176 208 2220 terdum
221 2172 255 2227 fit,
271 2191 307 2220 eos
318 2173 398 2237 legere,
408 2173 503 2221 interim,
520 2177 569 2236 quia
579 2177 650 2237 primis
662 2176 695 2219 in·
717 2188 719 2190 ·

125 2237 260 2287 ventionibus
273 2239 352 2304 semper
362 2239 440 2304 aliquid
454 2238 546 2301 additum
557 2239 612 2293 suit,
629 2255 702 2298 mate-⁸

226 2307 228 2312 ’
276 2319 278 2322 ’
620 2306 696 2368 riaeque
