1495 2681
130 85 221 148 chru
231 88 341 142 ,Insere
354 83 419 139 Can.
434 83 519 139 XXV.
552 55 554 57 .
573 101 627 159 223

51 202 187 264 gredjunfflr,
198 197 255 257 cujus
262 192 332 235 thema
342 205 402 235 more
412 188 472 235 solito
479 190 505 235 de
517 192 591 248 diuitiis
598 209 629 240 at-

51 255 148 317 tributis,
163 259 267 306 Trinitate
279 270 344 318 atque
355 255 441 319 Angelis
457 256 514 318 agit:
532 272 578 319 quo
590 272 629 305 ne-

51 333 112 396 gotio
124 318 237 374 ireseum,
253 317 324 368 fiante
332 323 437 388 jejunium
453 320 632 387 quadragesimale

49 401 71 444 id
82 396 167 444 accidit,
183 392 246 453 primi
257 390 352 435 licentiae
361 391 428 444 anni,
445 390 580 436 intervallum
591 408 629 439 an.

51 477 137 525 tequam
150 459 176 504 ad
186 457 257 503 altiora
268 454 417 506 admittuntur,
428 453 590 520 habent,usque
600 461 629 507 ad

49 527 133 574 secundi
141 522 283 587 subsequentis
288 525 338 568 anni
349 524 443 584 primum
453 521 529 568 menfis
534 527 629 585 januarii

48 595 117 643 diem,
128 605 152 637 ut
161 591 188 636 ad
203 587 343 635 obtinendam
351 588 457 635 licentiam
468 587 488 634 se
500 604 629 655 preparen13

47 655 94 704 atfi
107 657 149 703 hoc
162 655 211 720 post
226 655 299 702 Pascha
315 655 339 701 fit
348 686 354 704 ,
364 656 391 700 ad
402 659 496 717 primum
508 671 578 719 usque
589 662 628 722 ja-

46 726 144 770 nuarium
156 723 224 786 quarti
232 724 281 769 anni
288 720 449 784 exspeclandunt
458 719 551 783 ipfiselh
569 727 626 773 Ante

45 790 208 838 Licentiamduo
221 787 469 839 examinaiustituuntut,
479 790 572 849 primum
581 795 625 856 agit

46 858 72 903 de
81 857 237 908 incarnatione,
246 853 341 917 legibus,
352 852 472 900 actionibus
483 854 594 908 humanis,
601 863 625 905 &

44 937 130 986 peccato
143 944 150 981 5
173 921 261 967 alterum
277 921 304 965 de
314 920 466 971 sacramentis,
481 921 507 965 de
517 920 625 984 Scriptura

44 990 102 1034 Sacra
125 992 147 1033 δε
169 987 259 1038 Historia
278 982 418 1031 Ecclefiallica.
473 986 569 1046 Qando
586 1005 627 1051 per

42 1069 136 1117 quatuor
147 1054 270 1099 Doulorum
280 1048 374 1113 strfltagia
386 1080 393 1100 ,
411 1052 561 1099 eodemmodo
569 1057 623 1102 acin

41 1121 168 1166 Tentamine
178 1118 212 1165 seu
222 1120 272 1164 astu
281 1119 395 1163 Teuratt'vo
405 1120 578 1171 examinantium,
585 1122 623 1168 ad.

41 1184 95 1232 miffi
105 1186 164 1238 sunt,
176 1199 228 1231 tunc
239 1182 358 1230 facultatem
368 1184 481 1230 Licentianr
487 1186 621 1245 petendiob.

41 1254 121 1304 tinent,
131 1256 153 1297 &
163 1250 201 1297 suo
208 1253 299 1313 quisque
308 1250 382 1296 ordine
390 1251 413 1294 in
425 1249 528 1296 omnibus
537 1252 621 1301 astibus

40 1319 156 1379 disputare,
173 1313 202 1362 δῖ
211 1318 265 1361 intra
283 1314 408 1366 biennium,
427 1331 463 1378 per
475 1318 535 1378 quod
547 1321 620 1366 Licen-

41 1385 68 1427 tia
78 1384 148 1445 durat,
158 1396 198 1427 tres
207 1381 353 1443 disputatorios
369 1382 428 1427 auus
444 1380 511 1427 subite
528 1383 618 1437 debent,

40 1451 156 1514 majorem,
167 1449 205 1509 qui
219 1447 339 1509 plerunque
356 1447 383 1493 de
391 1448 494 1508 Scriptura
503 1448 577 1501 Sacra,
591 1452 618 1499 de

38 1514 161 1559 Traditione
171 1511 275 1562 Ecclesia,
288 1513 315 1558 de
320 1511 412 1559 Historia
423 1510 558 1561 Ecclesiastica
568 1519 618 1581 agit,

39 1577 97 1625 &ab
111 1579 185 1635 oblata
202 1580 256 1624 hora
273 1580 487 1643 temporis'maturini
503 1582 528 1626 acl
545 1587 619 1646 velpe*

37 1661 80 1691 tam
94 1661 162 1707 usque
172 1647 261 1690 excurrit
279 1661 287 1705 5
308 1648 414 1691 minorent
423 1647 449 1691 de
457 1647 617 1695 Sacramentisai

37 1711 91 1757 sexta
103 1711 156 1757 hora
165 1711 192 1756 ad
202 1710 310 1756 meridiem
321 1742 327 1762 ‚
338 1710 372 1757 vel
384 1709 395 1755 ὲ
409 1713 476 1773 prima
486 1716 615 1774 pomeridia-
642 1748 643 1751 =

36 1793 64 1823 na
74 1793 144 1841 usque
154 1777 181 1822 acl
193 1775 298 1839 vesperam
309 1797 316 1835 3
332 1776 517 1831 &Serbonicum‚
534 1782 556 1825 in
567 1797 618 1844 qne

35 1842 107 1890 nullus
118 1843 203 1889 Doclor
220 1841 311 1905 praesidet
320 1860 335 1893 ,·
350 1858 373 1889 ur
387 1844 409 1888 in
420 1844 505 1908 reliquis
520 1846 614 1898 aclibus,

35 1926 83 1972 qua
94 1911 181 1973 quidem
189 1905 201 1954 :l
210 1910 265 1955 sexta
275 1909 328 1955 hoca
341 1912 442 1956 matutina
453 1912 479 1957 ad
488 1910 565 1957 lentam
577 1930 613 1960 us-

35 1992 78 2038 que
92 1975 236 2038 vespertinam,
245 1976 304 2022 durat
319 2005 326 2026 ‚
342 1979 365 2021 &
376 1978 470 2022 macerias
485 1975 613 2027 scholasticas

34 2041 138 2092 ventilat,
154 2045 176 2086 in
188 2042 253 2104 specie
266 2041 612 2107 delncarnatione‚Legibns,pec·
641 2102 644 2105 y

33 2123 95 2157 cato,
106 2110 183 2153 Gratia.
215 2109 285 2167 Finitis
293 2105 379 2153 duobus
389 2108 420 2153 hic
431 2109 524 2154 Licentiae
538 2115 611 2164 annis,

32 2172 69 2220 ubi
85 2171 130 2221 satis
147 2175 263 2225 exercitati,
279 2188 315 2221 aut
330 2172 397 2219 felices
415 2171 514 2227 suerunt,
528 2182 611 2224 necin.

29 2239 98 2289 fausto
108 2255 199 2304 numero
209 2238 355 2308 suffragiorum
367 2238 532 2295 adversantium,
544 2244 610 2357 ade.

567 2325 608 2359 ou·
