1495 2681
148 110 184 169 32
223 92 386 153 Mernenus
401 96 498 156 ,Srunn
514 95 659 155 Tutotoo‘:

148 182 721 198 ——-.-.-....-—-----.

147 208 209 254 stitis.
240 212 327 255 Docent
337 211 393 255 enim
402 225 454 260 nos,
471 211 547 256 DEutn
561 205 623 254 nobis
633 209 726 273 ejusmo·
741 212 742 215 ’

147 275 171 320 di
181 273 277 322 revelasse
287 275 393 332 mysteria,
405 276 552 337 quaebumanae
560 275 635 321 rationi
647 271 725 319 fintiti-

147 338 359 402 cornprehenfibilia,
375 356 423 401 quae
440 354 525 403 captum
539 343 582 405 ejus
591 338 655 402 longe
666 337 726 401 supe-

146 421 207 459 rent,
217 422 264 468 quae
273 420 313 452 nec
323 406 484 467 comprehendi,
495 402 725 466 necdemonlltaripos-

146 470 198 520 fint,
210 486 349 533 quorumque
359 469 417 515 nulla
427 469 466 514 alia
472 472 514 517 dati
520 472 571 516 ratio
577 470 651 533 potest,
657 485 723 533 quam

146 536 208 600 quod
217 537 281 583 DEus
293 553 316 582 ea
325 534 451 583 revelaverit.
481 534 546 597 JEsus
557 535 663 588 Christus,
675 551 723 583 cum

103 622 107 634 ³
144 602 271 664 intrepidam
295 603 349 647 Petri
363 597 527 653 conseffionern,
543 604 580 665 qui
597 618 646 649 eum
657 602 724 662 filium

145 672 201 714 DEI
206 667 296 712 viventis
306 664 336 709 nil
347 664 456 709 cundiatus
470 664 593 727 agnoscebat
603 697 611 720 ,
627 664 725 713 exornas—

143 732 174 780 set
186 729 295 779 laudibus,
318 744 370 774 mox
379 729 448 780 addit,
460 747 496 776 nec
506 734 587 777 carnem
600 734 724 794 necfimgui·

144 813 190 843 nem
199 826 206 846 ,
216 794 255 854 ſs’d
263 801 347 840 Patrem
359 796 451 854 aetutem
461 796 498 840 boc
507 797 636 855 eirevelaffe,
648 797 723 843 Mattb.

101 891 103 893 v
143 863 269 921 XVi.v.15.
278 868 312 908 ¹6.
325 861 367 907 hot
376 860 418 911 est,
428 861 534 906 veritatem
539 862 679 923 banc‚'quam
684 864 723 909 Pe·

143 942 188 974 trus
198 942 241 972 erat
250 923 364 987 professus,
374 929 417 992 ejus
427 925 467 972 elle
478 928 615 977 conditionis,
624 929 728 973 urbemi-¹

110 1045 112 1047 ,
143 1010 182 1040 nes
191 991 234 1038 soli
251 993 331 1037 ratione
348 989 428 1053 absque
439 992 566 1039 revelatione
579 996 722 1040 divinatum-

142 1059 273 1123 prehendete
283 1073 471 1119 eamnequaquam
484 1057 566 1120 polsrnr.
598 1062 670 1105 Immo
678 1058 722 1105 Sal-

143 1139 205 1181 vator
212 1122 283 1169 nollet
292 1122 368 1168 Matth.
379 1124 433 1185 Cap.
444 1127 478 1170 Xl.
489 1141 567 1171 comm.
580 1138 617 1186 25.
631 1126 659 1170 ait
666 1128 721 1172 veri-

141 1205 197 1237 tates
206 1206 253 1237 ear,
264 1203 317 1249 quas
327 1187 369 1247 ipse
376 1188 501 1235 hominibus
511 1192 628 1236 enunciavit
643 1190 721 1250 abscon,

141 1255 196 1301 ditas
205 1253 240 1313 effe
249 1253 371 1316 stcpieutibns
382 1252 407 1300 {5
411 1254 554 1315 prudentibus,
565 1257 670 1317 revelatas
680 1272 720 1301 au·

141 1321 291 1382 temparvulis.
710 1333 713 1337 ·

209 1386 255 1431 Pari
265 1384 334 1430 modo
348 1399 387 1431 nec
397 1383 493 1447 Apostoli
499 1413 506 1436 ,
517 1401 566 1432 cum
576 1387 672 1433 veritates
682 1384 720 1432 has

140 1451 288 1515 ptaedicarent,
297 1449 396 1496 humanis
405 1468 438 1497 eas
452 1451 646 1498 ratiocinationibus
658 1467 719 1506 cont·¹

139 1515 269 1581 probarunt,
284 1513 340 1561 sede
356 1519 461 1562 contrario
474 1515 560 1563 conseffi
572 1517 630 1569 sunt,
639 1517 718 1563 doslri-

139 1598 191 1629 nam
202 1580 213 1626 al
223 1580 378 1643 sepraedicatam
390 1597 435 1626 non
444 1581 600 1629 abhominibus
610 1582 643 1629 sed
652 1582 718 1628 &Deo

138 1646 185 1710 ipso
196 1645 215 1693 se
225 1644 325 1698 didicisse,
336 1648 466 1710 incognitam
481 1663 530 1693 earn
540 1646 579 1694 else
591 1646 717 1710 sapientibus

138 1713 302 1780 hujusmundi3
320 1709 386 1756 solum
402 1714 451 1758 DEI
465 1709 557 1775 spiritum
570 1715 669 1760 omniurn
685 1729 718 1759 re·

138 1796 186 1826 tum
198 1780 261 1825 etiarn
276 1774 443 1838 profunditatum
459 1779 577 1825 divinarum
593 1778 717 1826 {curatorem

137 1862 184 1894 eam
192 1841 318 1907 protulisse5
331 1841 423 1905 spiritum
441 1843 532 1890 hominis
546 1861 570 1890 ea
583 1846 669 1909 quidem
680 1860 717 1890 co-

138 1912 246 1977 gnoscere,
256 1925 303 1972 quae
314 1908 407 1954 hominis
423 1906 473 1960 sint,
488 1912 629 1957 ar-nenrinem
644 1927 717 1957 eaeo·

137 1975 249 2042 gnoscere,
262 1991 309 2037 quae
321 1977 371 2021 DEI
384 1973 435 2025 fiut,
445 1972 481 2021 nifi
492 1977 593 2038 Spiritum
607 1977 716 2028 Sanslum,

136 2042 290 2106 predicandam
299 2056 345 2086 eatn
361 2039 400 2086 elle
411 2057 456 2086 non
469 2040 603 2104 'persuasoriis
618 2041 717 2088 bumanae
730 2080 731 2083 ,

136 2107 234 2169 sapientia
245 2105 331 2156 verbis,
343 2104 376 2152 secl
392 2103 461 2151 verbis
474 2108 561 2168 Spiritus
575 2124 599 2154 ac
614 2109 715 2171 porentiae
745 2145 746 2148 ,

136 2174 225 2225 divinae,
235 2172 282 2219 licet
291 2173 368 2234 spiritui
376 2173 469 2218 hominis
475 2168 559 2220 stultitia
568 2171 592 2219 srt
596 2204 603 2227 ‚
614 2175 714 2237 atquein-

136 2236 321 2304 eomprehensbile
332 2239 398 2305 quid,
408 2237 473 2315 abiis
485 2252 559 2288 tamen
568 2270 575 2293 ,
584 2243 627 2306 qui
637 2239 730 2355 μέῗφ,

430 2334 432 2338 s
691 2321 716 2352 rr-
