1495 2681
86 74 88 76 ’
124 73 424 133 chrriusrrrurnor.
438 67 567 137 CruIII.
603 72 639 144 63

60 187 113 230 stare
123 181 202 241 carpit,
214 178 395 239 planeindignum
402 173 444 219 fide
454 172 642 237 fieri‚e.g.eorum

40 297 42 300 ,
59 249 112 296 nihil
122 242 249 292 credendum
258 238 311 291 eise,
325 257 371 303 quae
377 243 447 287 Patres
458 241 484 286 de
495 239 594 287 haereticis
605 256 643 286 eo.

28 306 30 308 ’
60 327 152 376 rumque
161 306 266 354 erroribus
276 304 382 365 referunt,
394 308 443 368 quia
455 305 558 352 calamum
569 308 592 351 in
604 322 642 352 eos

61 381 187 426 strinxerunt
198 390 206 433 3
222 372 288 436 lapsus
298 373 332 419 hic
342 375 364 418 in
374 384 490 419 extremum
501 372 590 417 alterum
595 386 643 416 non
669 377 672 385 ’

60 446 102 491 fine
112 440 201 507 pernicie
211 442 293 503 vergit5
311 438 363 485 fides
373 440 430 484 enim
443 442 465 484 dc
475 437 567 499 probitas
574 437 594 485 S.
600 439 642 483 Pa·

59 525 115 556 trum
127 508 208 554 credere
214 521 260 551 non
272 506 384 568 permittit,
392 503 452 567 quod
463 501 642 549 adversariossuos

59 572 168 620 manifesti]
179 569 299 618 calumniari
309 570 355 618 fint.
393 574 419 617 Et
431 568 488 632 finge
499 583 582 618 tamen,
592 566 641 614 alibi

59 638 101 685 hoc
110 643 138 685 ita
148 637 186 685 sese
193 638 268 686 habere
275 668 281 688 ,
288 639 363 683 dantur
369 634 510 682 nihilominus
520 632 585 684 sadda,
592 649 641 697 quae

59 720 97 765 pro
108 708 159 751 veris
169 707 245 751 merito
255 707 328 756 ducas,
345 704 392 749 licet
403 700 429 748 ab
441 699 537 747 hostibus
545 702 640 763 partium

59 768 128 813 studio
139 770 278 816 ardentiffnne
289 770 364 814 deditis
373 765 412 811 sint
424 765 570 828 probrosam
577 782 639 814 nem-

57 848 84 894 pe
96 832 200 881 manisesta
216 852 279 898 atque
295 837 317 879 in
328 833 404 894 vulgus
415 832 497 893 publice
511 846 574 883 nota,
586 848 639 894 ,quae

57 897 110 960 fingi
125 914 204 947 temere
216 915 252 945 aut
268 899 381 961 excogitari
399 895 502 958 potuisse,
517 896 639 943 incredibile

2 986 4 990 ’
56 962 118 1026 plane
129 963 169 1013 est,
180 968 259 1028 quippe
270 981 317 1027 quae
332 960 442 1024 &vestigio
458 959 549 1007 salfitaris
568 963 639 1007 redat-

9 1064 10 1067 ,
57 1044 177 1092 gnerenrur.
224 1025 336 1076 Perrarunr
349 1027 390 1077 est,
404 1028 516 1078 homines,
527 1043 638 1093 utcunque

56 1093 151 1140 malitioii
178 1094 217 1141 fint
233 1098 334 1159 ingenii,
355 1093 401 1141 ralia
414 1095 537 1155 protrudere
554 1097 638 1151 andere,

56 1159 124 1206 multo
135 1161 198 1223 igitur
207 1164 277 1207 minus
289 1160 431 1225 hujuscemodi
445 1158 529 1222 suspicio
547 1164 570 1207 in
581 1165 638 1209 viros

55 1227 130 1276 cadet,
148 1227 174 1273 de
196 1244 288 1289 quorum
304 1228 422 1291 integritate
443 1240 508 1290 atque
529 1227 652 1292 probitate*

55 1291 138 1338 constat.
362 1327 364 1330 -

116 1356 201 1421 Qnta
211 1355 282 1419 regulo
292 1359 317 1405 ad
324 1360 479 1423 dijudicandam
491 1362 599 1407 veritatem
611 1365 634 1409 δι

54 1424 199 1475 certitudinem
206 1420 259 1467 -faffi
264 1454 271 1473 ,
284 1425 393 1471 consensus
403 1426 506 1483 esthacin
517 1443 539 1473 re
550 1424 637 1489 scripto.
681 1429 683 1432 ’

42 1503 101 1534 turn
111 1504 264 1534 coaetaneorurn
277 1506 282 1532 :
303 1489 418 1553 profesto,
432 1490 447 1536 fi
462 1492 531 1555 plures
542 1495 636 1557 ejusdem

53 1556 154 1616 temporis
165 1555 261 1620 nudiores
272 1555 298 1601 de
311 1559 396 1603 veritate
411 1559 441 1603 rei
456 1557 542 1623 alicujus
556 1573 592 1604 aut
604 1556 636 1605 sa-

52 1620 81 1665 cti
96 1623 244 1671 convenerint,
261 1635 307 1680 turn
319 1625 340 1668 id
357 1639 397 1682 pro
415 1640 471 1670 cetto
485 1624 556 1669 haberi
566 1624 635 1671 debet.

52 1686 93 1730 Sed
105 1702 150 1732 non
163 1688 255 1750 ejusdem
265 1687 294 1732 est
304 1690 442 1739 certitudinis,
459 1688 567 1752 fiquidam
582 1690 634 1737 illud

51 1750 181 1812 adprobant,
192 1750 225 1797 aiii
241 1770 292 1799 vero
302 1756 408 1818 rejiciunt,
423 1757 490 1817 inque
499 1772 574 1801 eoturn
586 1755 634 1802 sen-

51 1820 139 1862 tentiam
148 1819 243 1863 eundum
252 1820 293 1869 est,
305 1821 343 1882 qui
353 1820 465 1865 testimonii
476 1821 579 1884 probitate
585 1821 639 1870 sunt'

49 1883 145 1944 inprimit
156 1885 229 1930 incluti
240 1914 247 1934 ‚
260 1887 343 1947 vquique
360 1888 468 1931 certiorem
479 1889 509 1931 rei
525 1890 632 1950 cognitio·
695 1899 697 1906 '

49 1963 100 2007 nem
112 1948 190 1995 habere
200 1965 333 2012 potuerunt,
350 1967 386 1996 ant
396 1954 529 1997 innitendum
541 1957 633 2000 circurn-

43 2012 127 2078 ¹statttiis
139 2014 294 2078 chronologicis
304 2015 374 2064 aliisve
383 2020 484 2079 temporis
496 2017 568 2073 iilius,
583 2037 631 2084 qun

48 2076 130 2190 sadum
148 2081 189 2129 ‘vel
215 2084 281 2148 inagis
306 2082 339 2133 vel
364 2085 434 2138 minus
450 2085 541 2139 reddunt
561 2085 631 2135 verifi-

47 2159 102 2191 rnre.

566 2283 627 2334 Sexto
