1495 2681
99 114 135 172 68
174 109 442 186 MuruouusSruou
457 109 601 169 Thraeca.

102 192 683 210 W

103 222 220 285 potuillenr
229 242 251 270 ae
262 223 388 279 debnillent‚
398 226 526 273 maximeest
532 221 646 288 probabile,
658 221 682 270 li—

103 289 170 336 brum
181 288 245 343 istum
257 287 296 335 elle
302 289 440 354 suppositum
472 295 561 339 Certum
571 291 634 335 etiam
645 287 682 338 est,

104 352 201 401 adfidem
210 356 257 401 libri
272 354 355 422 alicujus
370 359 540 404 imminuendam
551 351 654 404 sufficere,
665 350 681 403 fi

104 417 188 467 inullis
205 422 296 483 antiquis
311 423 409 485 allegatus
421 423 464 467 estt
490 426 582 485 ideoque
590 417 681 483 insignes

104 484 210 551 planeque
220 489 351 534 authenticos
360 490 458 550 genuinae
467 490 596 552 antiquitatis
608 486 687 533 chara:

104 552 170 596 dleres
190 552 309 614 preseverat
318 566 414 614 oportet,
425 568 450 598 ut
460 552 503 601 fine
513 553 680 601 contradictione

43 629 46 633 ’
105 618 230 680 recipiatur:
247 618 258 663 ὲ
271 619 376 666 contrario
393 631 463 664 aurem
473 650 480 674 ‚
490 617 513 665 'fi
529 619 563 666 vel
573 619 681 666 levestan-

104 681 150 729 tum
162 684 286 747 coujedlurae
294 683 367 728 adsunt
379 699 387 743 3
404 686 550 746 &antiquide
559 685 595 737 illo
602 684 681 745 sileant,

104 751 158 810 quin
169 749 195 792 ad
205 744 346 809 supposititios
358 743 634 800 fitrelerendutuullumest
645 751 693 796 du·-

101 812 169 859 bium.
411 857 413 859 ,
507 863 509 865 .
578 844 595 858 =.

170 874 210 922 Hae
225 874 272 921 lunt
284 876 361 942 regulae
371 879 442 923 critice
457 876 484 921 ad
499 875 643 930 discernendos
660 877 686 923 li-

103 941 155 989 bros
167 940 230 989 salsos
245 949 267 989 &
278 941 394 1007 suppositos
406 942 417 988 al
431 941 487 989 libris
501 947 553 989 veris
568 959 634 1006 atque
648 960 685 1006 ge·

104 1010 192 1059 nuinis‚
208 1025 306 1071 quarum
320 1012 416 1072 quaedam
435 1008 481 1055 sunt
499 1009 685 1073 demonlltativae,

42 1084 44 1088 “
107 1077 205 1137 quaedam
214 1073 334 1136 probabiles
345 1078 419 1121 modo.
453 1076 540 1121 Ctireria
549 1077 630 1121 interna
640 1073 684 1137 ple-

102 1156 188 1201 runque
198 1143 289 1185 exremis
299 1142 385 1187 certiora
398 1140 455 1191 lunt,
467 1145 489 1188 δε
498 1143 552 1187 inter
563 1142 641 1186 etiteria
649 1157 684 1186 ex·
743 1149 745 1185 ζ

93 1220 162 1269 terna
179 1206 293 1251 auffilorum
303 1206 449 1252 testimonium
466 1204 580 1269 exprellum
597 1204 683 1252 lottillt-
720 1220 721 1223 ’

40 1306 42 1308 ψ
102 1287 163 1317 mum
169 1270 205 1320 est.
241 1272 288 1317 Dici
301 1287 372 1324 tamen
379 1274 400 1318 id
409 1274 431 1317 in
441 1272 522 1318 summa
528 1272 603 1334 potest,
609 1273 682 1318 omnia

102 1338 244 1385 criterianunc
255 1339 320 1401 magis
327 1353 384 1384 nunt
394 1340 466 1384 minus
473 1336 513 1383 elle
521 1337 687 1384 demonstrativa

102 1417 139 1450 aut
147 1397 283 1465 probabilia,
299 1403 460 1467 supremamque
469 1404 564 1467 regulam
577 1403 589 1449 al
601 1405 682 1470 judicio

101 1471 206 1532 aequitatis
222 1475 245 1515 δε
259 1471 373 1533 prudentiae
387 1474 445 1532 peti,
467 1472 493 1516 ad
508 1471 568 1532 quod
590 1466 682 1515 rationes

102 1535 166 1599 hujus
174 1534 261 1582 &illius
271 1538 333 1597 partis
342 1538 496 1597 ponderantur,
512 1536 683 1598 quandoomnes

102 1600 189 1647 inlimul
207 1602 334 1668 conjedlurae
345 1617 385 1663 pro
395 1607 418 1648 δέ
429 1617 501 1648 contra
511 1604 534 1646 in
545 1617 613 1647 unum
624 1600 692 1647 colli-v

101 1682 183 1731 guntur
198 1683 203 1710 ι
227 1666 279 1730 saepe
291 1670 347 1713 enim
364 1669 451 1719 accidit,
467 1681 491 1712 ut
504 1667 628 1734 conjedlurae
639 1665 682 1712 fin·

101 1733 155 1798 gulae
164 1731 271 1796 separatim
284 1732 377 1795 {peilatau
386 1734 443 1780 haud
454 1733 526 1798 magui
536 1734 640 1779 momenti
651 1734 682 1780 vi-

101 1802 203 1849 deantur,
219 1816 266 1862 quae
277 1798 332 1861 ipse,
343 1797 358 1844 fi
369 1809 444 1846 omues
455 1798 517 1845 fimul
525 1801 579 1845 inter
590 1798 608 1845 le
621 1815 680 1844 com-

102 1865 176 1912 binatae
187 1869 362 1932 conjungantur,
379 1868 524 1915 certitudinem
539 1867 569 1911 rei
579 1864 680 1919 moralem

105 1930 201 1994 prebent.

167 1994 346 2059 Philosophorum
357 1997 564 2058 tamantiquotum,
573 1993 637 2059 quam
646 2012 681 2045 te-

104 2064 207 2115 rentium,
220 2062 354 2125 aliorumque
365 2060 476 2113 audiorum
492 2061 630 2123 profanorum
642 2081 680 2110 au-

104 2128 187 2175 &oritas
196 2131 217 2173 in
233 2129 343 2192 theologia
353 2144 398 2173 non
410 2128 439 2183 est
450 2126 576 2190 usurpanda,
587 2143 611 2175 ut
621 2134 680 2192 prin.

103 2197 182 2259 cipitrm
192 2210 239 2240 vere
250 2195 409 2259 theologicum,
421 2211 460 2239 nec
471 2209 495 2239 ut
503 2209 582 2255 certum
594 2196 682 2261 alicujus‘

103 2262 208 2326 dogmatis
220 2264 333 2319 criterium,
345 2275 385 2315 nec
394 2274 418 2308 ut
429 2275 578 2325 argumentum
588 2265 678 2375 veritafftis

111 2339 112 2343 ’
588 2329 633 2376 indi
650 2345 675 2374 o-
