1495 2681
135 137 186 205 148
225 135 649 203 MuruonusSrunuTrrmmu

135 218 699 233 ψ*

133 264 232 297 mentum
245 249 279 302 fit,
291 250 368 299 necelie
379 253 419 303 est,
427 267 450 299 ur
458 252 578 316 Theologus
589 253 610 295 in
621 267 643 294 ea
649 265 701 311 ope·

133 331 179 361 ram
189 316 283 362 collocet.
309 354 312 356 μ
330 318 354 363 ld
366 334 415 376 uero
426 318 517 364 studium
531 317 586 363 haud
601 316 700 376 minoris,

134 398 198 444 quam
209 381 250 443 ipsa
260 383 319 427 Sacra
336 383 437 443 Scriptura
453 383 590 446 amplitudinis
600 380 643 427 est:
662 382 700 425 tria

132 446 184 492 illud
193 448 492 507 continercapira,sanciorum
498 452 580 495 Parrum
585 445 700 495 volumina,

131 509 278 557 Conciliorum
284 510 429 561 definitiones,
438 512 571 576 Ecclefiaeque
581 512 699 559 Historiam.

130 577 254 637 Priusquam
266 575 338 637 aliquis
350 591 411 637 opera
422 579 507 631 Parrum
517 579 576 643 justo
586 578 658 624 ordine
668 577 697 621 ie-

128 642 203 702 rieque
213 639 309 686 evolvere
318 642 449 701 aggrediatur
460 663 467 699 5
482 645 533 689 utile
542 643 586 694 est,
603 640 696 688 Theolo.

129 708 166 766 giae
176 704 242 749 saltem
252 703 377 765 praegustum
387 702 474 756 habere,
490 706 523 751 secl
528 708 570 753 hoc
578 708 650 752 inutile
655 706 694 755 est,

127 769 290 830 Tlreologorum
301 767 473 814 Scholasticorum
483 770 568 816 lediioni
581 774 648 833 plures
660 789 696 817 an-

128 849 168 879 uos
185 833 304 886 insumere,
325 831 412 879 sufficiet
436 836 525 898 Magistri
539 834 694 885 sententiarum,

128 904 151 944 δέ
158 899 279 944 uniusboni
288 902 466 945 Comruentaroris
477 918 494 947 e.
501 918 520 963 g.
527 901 575 946 Eliii
586 900 618 947 vel
628 899 695 946 fimilis

127 967 139 1010 ὲ
150 963 300 1010 recentioribus
310 963 488 1028 Theologileciio.
520 968 599 1011 Eodem
607 982 695 1028 quoque

128 1044 222 1090 tempore
237 1031 387 1089 compendium
402 1031 509 1091 quoddam
520 1030 614 1076 Hilioriae
626 1032 694 1077 Eccle-

128 1092 207 1139 fiastirae
217 1094 342 1157 legendum,
357 1111 383 1139 ex
401 1111 461 1156 quo,
478 1097 529 1157 quid
539 1099 560 1140 in
572 1098 647 1159 quovis
657 1097 693 1142 Se-

126 1159 173 1204 culo
183 1161 276 1220 praeclare
287 1159 368 1220 gestum
378 1157 401 1203 fir
411 1191 418 1211 ‚
434 1177 481 1221 quae
493 1161 581 1221 personae
590 1163 693 1208 faeditate

123 1223 212 1284 reliquas
223 1221 371 1285 superaverint,
388 1225 521 1286 quaehaereles
532 1231 554 1272 &
564 1226 665 1273 schismata
671 1229 704 1272 in

125 1306 151 1334 eo
161 1288 249 1335 subortae
258 1285 310 1339 fini,
325 1305 372 1350 qua:
383 1288 494 1336 decisiones
505 1291 651 1337 Conciliorum
662 1289 693 1336 sa-

123 1355 172 1403 dda,
182 1359 206 1399 dc
219 1355 306 1416 quinam
320 1353 464 1416 generalissimi
481 1354 587 1419 disciplinae
597 1354 693 1402 Ecclesra-

122 1419 174 1464 sticae
184 1435 275 1464 canones
286 1421 353 1464 traditi
363 1416 450 1468 fuerint,
465 1422 538 1467 vvidere
548 1421 583 1469 est.
611 1425 692 1469 Recen-

123 1486 176 1529 rium
191 1500 280 1546 quoque
291 1482 452 1546 Theologorum
468 1486 578 1546 peculiares
595 1487 691 1554 tradiprus

121 1549 234 1610 polemici,
250 1548 374 1609 doe‘iriuales
383 1548 415 1594 vel
427 1548 561 1611 disciplinares
571 1550 691 1597 conferendi

120 1613 167 1659 {unc
174 1644 182 1665 ,
199 1629 222 1659 ur
233 1615 325 1675 primaria
334 1612 528 1659 Controverfiarum
544 1618 621 1678 capita,
632 1633 688 1677 qua-

118 1676 687 1743 quehar'urnquaelliouumdecisioniiulervirepollimr‚

118 1761 145 1788 ex
161 1747 245 1789 Parrum
258 1743 350 1788 lectione
360 1745 471 1804 capiantur.
503 1745 627 1808 Amplius&
637 1746 687 1792 illud

118 1811 249 1856 dicendum:
268 1810 326 1869 Prius
341 1806 379 1853 elle
395 1811 417 1852 in
432 1811 552 1872 Biographia
566 1811 686 1857 landiorum

117 1877 204 1924 Parrum
220 1878 242 1919 &
261 1874 284 1916 in
295 1873 364 1917 critico
378 1877 473 1919 examine
483 1874 509 1921 ab
523 1874 570 1938 ipfis
581 1878 686 1924 editorum

65 1985 66 1988 ,
93 1949 95 1951 ’
117 1939 214 1993 nonnihil
223 1936 387 2002 proficiendum,
403 1955 467 2000 quam
476 1938 538 1986 ledlio
549 1939 589 2003 ipsa
599 1943 685 1988 inchoe-

76 2005 78 2007 ’
116 2019 168 2064 tnr3
184 2022 211 2051 ne
223 2005 302 2065 decepti
311 2003 559 2065 aridiorempolleriorum
570 2006 685 2053 seculorum

110 2070 155 2130 'pro
163 2070 316 2115 audioreveteri
322 2098 329 2118 ‚
345 2083 409 2131 atque
419 2084 473 2130 opus
483 2069 632 2133 luppofiritium
644 2088 683 2134 pro

115 2137 209 2197 genuino
220 2133 339 2179 habeamus.
366 2135 426 2180 Scire
437 2135 683 2199 quoqueconducir,quai

115 2199 142 2243 de
153 2200 235 2245 material
242 2200 332 2261 quodvis
338 2214 393 2261 opus
404 2199 541 2260 compofirum
551 2199 586 2254 fir,
597 2205 683 2268 ejusque

112 2265 216 2325 summam
227 2279 308 2317 tenere:
323 2263 417 2326 multum
428 2264 470 2312 hoc
479 2266 505 2313 ad
515 2265 586 2314 utilem
596 2270 683 2326 Parrum

608 2333 681 2379 lenio·
699 2343 717 2364 ’-
