1495 2681
139 124 177 180 34
232 109 398 171 Metuoous
418 112 517 167 Suum
532 109 639 166 Tition
672 152 674 155 .

423 191 718 206 ff...-

140 217 221 282 quibus
233 222 346 283 cogimur,
363 220 471 282 paululum
480 219 596 283 exspatiari,
607 231 631 263 ut
643 214 723 275 senium

140 283 455 350 terminotumvetbotumque‚
465 303 530 349 quem
536 283 623 331 haetetici
628 297 721 329 cottum·

141 365 209 414 punt,
223 352 409 404 determinemus,
430 351 465 399 secl
487 367 532 396 uon
552 364 622 395 tamen
633 351 723 395 venien·

142 416 195 462 dum
207 413 233 461 aid
248 415 397 477 explicationes
408 417 536 466 illiusmodi,
551 413 588 461 nifi
597 415 675 460 summa
685 429 722 459 ut-

141 494 204 542 gente
214 479 345 530 necestitate,
355 479 481 534 &dum'fim
490 497 535 526 non
545 482 655 527 mediocris
663 479 721 526 adhi-

140 545 211 591 benda
221 547 379 592 eilmodetatio.
390 605 392 611 Α
410 548 460 590 Hoc
471 541 721 608 suppofito,quidquaelo

71 611 72 614 ’
138 610 277 676 judicandum
289 613 314 656 de
322 613 362 660 eis,
377 608 456 671 quibus
469 609 548 671 volupe
557 608 599 662 est,
611 612 637 657 de
647 610 722 656 nostris

142 676 243 734 mysteriis
253 674 345 719 infinitas
360 673 488 735 quaestiones
502 673 612 727 fabricate,
623 692 670 738 quae
683 690 722 721 nec

80 771 87 789 t
139 738 286 785 informationi
295 755 334 784 nec
348 736 478 785 aedificationi
493 737 586 784 fidelium
600 742 722 789 inlerviuot,

139 808 162 850 in
175 803 253 867 quibus
260 802 362 850 tamenilli
369 804 492 869 Theologia:
498 819 566 850 arcem
573 801 720 850 constituunt?

139 874 164 918 In
174 870 213 915 hos
228 871 340 932 Augustini
351 868 414 915 vetba
426 872 506 931 optime
517 870 634 932 quadrant:
651 869 676 914 de
683 875 721 915 Ge-

140 937 181 997 nest
191 933 221 980 ad
223 938 313 980 Literam
322 935 353 981 lib.
360 941 388 980 II.
395 952 411 980 c.
415 953 437 992 9.
446 951 465 981 n.
471 952 504 981 20.
515 934 551 981 ubi
561 933 595 980 ille
605 935 680 987 Multi,
690 937 719 979 in·

140 1003 199 1063 quit,
209 1001 295 1046 multam
299 1000 400 1061 disputant
411 1001 436 1046 de
452 1003 477 1046 iis
486 1001 562 1048 rebus,
578 1016 631 1062 quas
646 1000 721 1060 majore

135 1064 247 1130 prudentia
257 1066 317 1123 nostri
326 1069 416 1110 audieret
426 1066 541 1126 omiss‘runt,
556 1066 586 1110 a'a'
594 1065 676 1110 beatam
687 1066 722 1125 vi-

141 1143 186 1176 tam
195 1145 234 1174 non
234 1131 354 1190 profuturas
363 1129 489 1188 discentibus:
499 1129 524 1176 ti
528 1127 724 1192 ficoccupanuquod

134 1196 194 1258 pejus
213 1195 256 1253 est,
270 1196 356 1239 multum
361 1195 448 1256 pretiofiz
462 1194 488 1242 ὅ
496 1196 555 1241 rebus
562 1195 674 1256 salubribus
682 1197 721 1239 im-

134 1258 244 1322 pendenda
253 1273 364 1321 temporum
369 1259 445 1319 spatia.
477 1262 526 1306 Nos
541 1276 629 1321 quoque
641 1258 721 1304 multos

140 1339 216 1370 eorum
227 1325 342 1375 novimus,
353 1326 442 1386 quinon
452 1323 519 1370 solum
531 1324 719 1387 pluresannos,sed

140 1404 209 1436 totam
218 1387 285 1435 ferm&
294 1391 356 1435 vitam
366 1389 423 1435 suam
438 1392 535 1436 exercitio
546 1389 597 1437 huie
607 1389 668 1436 sterili
677 1392 720 1435 im-

140 1457 238 1517 pendunt
249 1453 345 1516 nullique
355 1453 496 1517 aliiunquam
507 1454 720 1516 studioincumbuut3

142 1521 181 1584 qui
201 1520 295 1566 eruditos
310 1517 328 1565 se
344 1520 464 1566 intantum
479 1535 566 1584 putant,
580 1522 719 1583 quantumin

140 1583 287 1632 subtilitatibus
301 1588 360 1630 vanis
374 1587 477 1631 exercitati
493 1586 539 1632 lunt
553 1615 560 1636 ,
576 1588 613 1649 qui
633 1588 719 1631 remotis

122 1668 124 1670 ’
140 1650 194 1697 hisce
203 1649 356 1713 quaestionibus
365 1652 504 1715 ignorantiam
512 1650 569 1697 suam
581 1650 661 1714 ubique
670 1667 718 1713 pro-

140 1717 209 1767 dunt,
220 1713 264 1760 imo
275 1713 361 1778 reliquis
370 1715 471 1762 omuibus
480 1715 560 1778 prorsus
567 1717 652 1762 scientiis
661 1732 718 1762 nou-

140 1784 197 1829 cium
209 1782 302 1840 mittunt.
338 1782 383 1826 Has
392 1783 446 1827 inter
460 1782 586 1828 multivarias
594 1782 718 1845 quaestiones

139 1850 232 1912 primum
242 1845 282 1893 illae
291 1846 364 1892 locum
375 1862 491 1909 occupant,
502 1864 548 1910 quae
556 1849 580 1895 τὸ
590 1847 687 1911 quomodo
695 1849 718 1893 in

131 1912 215 1970 :nostris
227 1927 303 1975 urgent
312 1912 422 1971 mysteriis,
432 1912 454 1958 h.
463 1931 480 1961 e.
490 1914 628 1975 quommodo
642 1913 718 1972 myste.

141 1980 196 2024 tium
206 1976 288 2024 sactum
295 1974 329 2029 fit,
341 1978 527 2040 quommodofieti
537 1978 599 2041 pollit
613 1975 625 2025 l
647 1980 717 2025 Patres

133 2046 202 2100 ,omni
213 2057 310 2107 tempore
320 2045 423 2109 ejusmodi
434 2044 716 2106 quaellionestanquaminu·

141 2107 186 2171 tiles
198 2113 219 2155 &
228 2110 344 2155 temerarias
349 2111 470 2174 rejecerunt.
487 2107 644 2172 Objiciessorte‚
654 2111 717 2157 Con·

135 2173 188 2231 §illa
200 2174 335 2238 quaestionem
345 2174 442 2241 quomodo
456 2191 501 2221 non
514 2175 576 2224 semel
586 2190 656 2223 tamen
666 2192 716 2223 mo-

128 2237 201 2291 uille,
215 2257 232 2287 e.
246 2258 267 2304 g.
283 2242 405 2290 Concilium
421 2239 549 2305 Ephesinum
560 2247 582 2291 &
595 2241 716 2290 Chalcedo-

653 2307 717 2356 nense
