1495 2681
69 140 71 143 .
91 97 181 153 Rucre
198 96 391 149 Iusrmuruor.
410 92 476 148 Cre.
484 93 531 162 ΠΙ.
570 113 604 166 57

27 179 602 193 ...Μ-

26 209 72 256 lum
88 212 222 269 animamque
237 208 280 270 ejus
300 207 375 250 merito
393 205 490 265 dixeris,
511 220 607 263 necnon

27 276 195 340 Geographiam,
209 272 254 316 haec
272 287 299 315 eo
319 273 384 332 magis
402 272 489 333 cognitu
502 268 612 316 neceffiria'
648 285 650 288 ’

27 341 67 392 est,
79 340 139 403 quod
149 337 230 399 absque
238 337 301 402 hujus
313 352 354 398 ope
369 333 473 397 dispolitio
485 326 608 381 &subordi-
647 355 662 360 ··
715 328 717 332 ’

28 401 422 465 natioEcclesrarumexplicarinequit:
439 403 518 463 quippe
527 402 608 463 quaeacl

26 471 117 519 sormam
130 470 210 530 imperii
225 465 265 513 fuir
275 466 373 513 instituta.

93 539 121 582 At
133 551 182 580 vero
192 541 342 595 quemcunque
352 531 506 578 demumulum
517 531 608 579 Scienriae

27 602 94 647 ruodo
107 603 220 647 nominate
231 601 253 644 in
268 598 389 662 Theologia
405 596 516 660 praestenr,
535 612 608 642 earum

26 678 97 712 tamen
108 666 182 712 abusus
194 667 297 722 committi
307 662 428 727 frequenter
441 662 516 725 petest.
545 668 577 709 10ss
586 662 608 708 Si

28 731 116 777 nimium
130 734 230 793 temporis
244 728 373 792 inquifitioni
388 745 458 776 rerum
468 726 574 774 inutilium
584 732 608 774 δέ

27 795 152 841 curiosarum
162 798 315 857 impendimus,
332 797 392 856 quod
403 798 425 840 in
435 793 498 840 rebus
514 790 606 839 cedena-

27 857 80 904 sticis
86 862 147 923 juxta
153 878 175 906 ac
182 858 276 922 profanis
283 860 372 904 accidere
382 859 456 920 potest.
492 856 607 905 Fatendum

28 925 85 968 enirn
95 924 135 976 est,
148 942 192 970 non
203 927 308 970 minorem
318 921 497 977 abulumelletem
506 925 609 968 inTheo-

25 985 82 1049 logia
93 987 180 1049 pufiriva
192 987 397 1050 qnamscholastica‚
410 988 535 1049 questiones
545 989 609 1033 inuti-

27 1051 56 1098 les
65 1058 221 1116 &peregrinas,
232 1070 278 1116 quae
290 1070 329 1099 nec
339 1055 364 1099 ad
371 1052 539 1099 confirmandam
547 1054 609 1099 aliam

26 1116 112 1163 solidam
127 1124 247 1168 veritatem,
264 1135 303 1164 nec
312 1120 338 1164 ad
349 1120 525 1171 instruffionem,
537 1135 609 1179 neque

26 1184 53 1228 ad
63 1182 220 1230 :edificationem
233 1184 390 1231 christianorum
405 1185 523 1246 quidquam
533 1182 608 1230 conle-

26 1262 75 1294 ruur
83 1266 156 1302 ,rcum
172 1248 256 1295 fervore
270 1265 372 1296 excutere.
404 1254 432 1295 At
447 1266 513 1312 quam
527 1248 608 1295 multos

25 1316 82 1359 viros
93 1314 169 1359 doctos
186 1320 209 1359 dc
224 1316 250 1359 ad
269 1315 352 1360 meliora
363 1316 454 1360 idoneos
469 1315 608 1376 deprehendi-

26 1394 74 1423 mus
85 1380 160 1431 hodie,
176 1381 242 1439 quiin
256 1381 358 1444 ejusmodi
367 1378 476 1424 inutilibus
482 1376 608 1442 'questioni-

26 1443 67 1489 bus
84 1461 159 1489 omnes
173 1446 252 1505 ingenii
268 1461 345 1490 nervos
362 1445 490 1493 intendunt,
516 1448 553 1505 qui
568 1446 608 1489 toti

25 1508 126 1560 aestuant,
139 1511 191 1554 dum
211 1509 295 1570 prolixis
310 1508 435 1570 ambagibus
458 1511 609 1571 minutaque-

25 1575 74 1620 dam
84 1571 169 1637 quaefire
183 1574 347 1638 chronologicae
355 1569 431 1620 adrem
442 1590 517 1636 purum
530 1572 608 1621 lacien-

26 1642 70 1689 tia,
86 1655 187 1702 mereque
202 1638 290 1690 curiosa,
307 1655 396 1702 quarum
408 1642 503 1702 cognitio
514 1640 565 1685 nihil
581 1641 607 1686 ad

25 1705 161 1755 dotcrinam,
182 1704 307 1764 disciplinam
329 1720 366 1750 aut
386 1705 516 1751 Christianos
537 1720 608 1750 mores
670 1716 671 1719 ’

25 1770 126 1831 prodest,
141 1771 176 1814 diu
189 1771 299 1832 nodluque
315 1771 371 1814 anxii
392 1767 528 1816 scrutantur?
553 1771 607 1816 Sunt

26 1838 118 1899 utique,
131 1837 189 1896 quod
202 1833 268 1880 fateor
280 1851 422 1896 moneoque,
439 1837 543 1900 ejusmodi
549 1831 607 1898 quaess

25 1901 103 1947 stiones
114 1917 159 1946 non
171 1900 396 1964 sempermegligendae
413 1900 448 1947 vel
460 1900 508 1962 post
523 1915 608 1963 tergum

24 1967 147 2032 rejiciendae,
160 1968 239 2029 quippe
250 1981 296 2029 que
308 1969 408 2030 majorem
424 1965 477 2028 laepe
488 1965 548 2013 ulum
560 1967 618 2029 lup-¹

24 2034 130 2094 peditatu,
141 2048 206 2093 quum
217 2032 277 2077 multi
288 2033 407 2081 crederent,
420 2033 488 2076 modo
495 2048 541 2080 non
551 2032 608 2078 lum-

24 2114 59 2142 ma
70 2099 97 2142 rei
109 2099 130 2141 in
142 2097 180 2143 illis
191 2112 296 2159 ponatur,
308 2097 374 2146 ruodo
387 2113 433 2142 nou
449 2098 513 2143 nimis
527 2095 608 2145 fervide

2 2190 4 2193 f
25 2163 158 2213 tradentur,
176 2162 209 2210 led
235 2180 306 2210 earum
340 2179 429 2208 examen
450 2163 546 2210 modeste
563 2163 606 2210 fiat.
665 2179 667 2181 ·

5 2230 83 2277 *Nam
106 2229 201 2279 intentio
212 2229 296 2278 eruendi
314 2230 422 2277 veritatem
439 2228 526 2295 alicujus
545 2228 606 2280 faeti,

297 2295 349 2357 D5
443 2315 445 2319 ’
546 2296 606 2361 quod
