1495 2681
138 118 177 190 36
233 115 398 173 Meronus
416 118 514 174 Srunrr
525 113 633 174 Tarsos.

141 221 207 267 strio'ti
222 222 310 270 ellemus
329 227 425 290 diligere,
437 223 464 275 fi,
474 241 510 288 pet
524 222 662 287 impoffibile‚
680 238 720 268 no·

142 287 209 334 strum
219 288 324 336 summum
338 290 421 337 bouum
434 290 475 353 ipse
489 307 535 337 non
551 288 617 336 effer?
634 292 656 333 &
672 303 719 349 quae

143 353 191 400 lunt
201 354 281 401 infinita
297 355 335 401 alia
350 374 356 400 ε
377 361 410 403 cui
428 360 484 402 enim
502 355 562 402 bono
587 350 721 401 irrevocabile

143 433 229 481 tempus
238 423 265 466 ita
279 420 390 483 perdunt?
411 427 433 468 &
442 424 521 486 ingenii
530 422 559 468 sui
570 435 645 467 nervos
655 421 677 463 in
688 419 720 462 in-

143 484 279 547 quifitionem
290 503 361 533 earum
377 502 459 537 rerum,
474 503 520 549 quae
535 486 579 532 fieri
590 483 671 550 prorsus
680 498 718 528 ne-

143 565 245 612 queunt,
261 552 347 613 operose
362 552 487 601 intendunt,
512 552 564 597 dum
578 554 661 596 interim
676 564 719 594 ram

82 654 85 658 .
142 615 211 661 multa
221 615 267 662 lunt
278 615 378 662 utilisfima
392 618 418 660 ad
425 615 489 660 fidem
495 631 530 661 aut
545 632 616 661 mores
625 615 718 662 facientia

143 684 252 743 apprime,
269 697 316 742 quae
328 679 400 740 supini
418 681 538 741 ignorantia
554 681 630 742 sepulta
644 685 720 746 jacent.

143 744 307 808 Qastionibus
318 745 349 789 bis
358 743 466 790 inutilibus
478 761 578 807 magnam
589 762 678 807 quoque
687 762 720 790 ea-

140 826 189 855 rum
201 810 340 872 quaestionum
350 809 434 855 turbam
445 811 574 859 adnumero,
585 826 631 873 quae
646 813 720 855 dere-

141 873 182 920 bus
193 885 308 920 moventur
318 892 389 937 neque
399 892 436 937 per
444 874 592 921 revelationem
604 890 674 937 neque
685 888 721 934 per

140 942 245 986 tationem
255 941 338 1002 liquido
348 939 468 1002 probandis.
481 944 511 986 bn
519 940 638 1001 exemplum
649 937 719 985 obser·

141 1020 192 1051 vatu
203 1007 299 1068 dignum.
327 1006 493 1068 ScriptutaSacra
501 1006 616 1069 deAngelis
627 1020 717 1050 nosnon

142 1069 180 1115 nili
191 1087 255 1132 pauca
265 1072 354 1120 edocet,
364 1073 417 1116 ratio
428 1070 496 1116 multo
504 1074 565 1116 etiam
572 1071 674 1116 minusde
681 1068 720 1114 illis

141 1137 243 1198 deteget:
259 1135 370 1195 nihiloque
386 1150 455 1181 tamen
470 1139 541 1182 minus
557 1134 675 1181 Scholastici
686 1136 719 1178 in-

140 1216 240 1245 numeras
252 1198 292 1245 hsc
302 1201 327 1245 de
337 1216 359 1244 re
368 1198 486 1246 formarunt
501 1201 627 1262 quaestiones
641 1221 648 1257 5
664 1198 720 1244 vasta

140 1262 256 1326 composita
271 1262 318 1309 sunt
333 1264 459 1314 volumina,
476 1282 524 1327 quae
539 1265 591 1310 nihil
603 1278 675 1326 praeter
684 1265 717 1307 in-

139 1344 225 1394 gentem
236 1329 376 1391 quastiountn
389 1331 501 1375 otiosarum
513 1329 593 1374 molem
603 1333 718 1380 continent,

94 1419 95 1422 ¹
139 1413 158 1441 e.
170 1412 189 1457 g.
198 1397 225 1441 de
237 1396 341 1457 principiis
351 1395 443 1457 Angelos
453 1393 627 1457 specificantibus,
638 1395 717 1438 demo·
740 1399 743 1403 '

140 1462 170 1506 do
181 1462 308 1524 cognitionis
318 1462 462 1521 Angelorum,
474 1462 629 1509 declaratione,
641 1457 705 1505 derra}
711 1488 718 1508 ,

140 1527 317 1587 quodoccupant,
324 1525 350 1568 de
360 1526 720 1585 motueorundemdeopetarioni-

141 1590 194 1641 bus,
209 1591 235 1635 de
244 1589 325 1641 modo,
336 1587 453 1650 quolecum
465 1591 554 1636 invicem
560 1588 718 1651 loquanturaut

140 1669 257 1716 conceptus
271 1653 319 1699 suos
332 1657 504 1712 communicent,
519 1655 545 1699 de
556 1655 632 1705 donis,
649 1652 716 1715 quaeb

139 1723 204 1768 DEO
214 1732 348 1781 acceperunt,
363 1720 389 1764 de
404 1720 451 1764 serie
463 1723 485 1764 &
500 1719 563 1768 statu,
573 1725 596 1765 δι
607 1735 653 1780 quae
670 1718 718 1763 sunt

140 1787 203 1850 hujus
215 1786 296 1849 generis
306 1783 358 1835 alia,
368 1798 415 1845 quae
427 1782 499 1829 nullibi
511 1782 549 1828 nisi
561 1786 583 1828 in
594 1798 719 1830 eorumran-

141 1866 188 1896 turn
200 1848 717 1912 perturbataimaginationefundantur,quidere-

141 1913 222 1961 busfibi
227 1911 289 1977 plane
297 1915 408 1975 incognitis
414 1911 578 1959 formaretamen
590 1915 646 1958 ideas
653 1913 718 1974 usque

142 1980 238 2043 gestiunt.
253 1980 287 2026 Ad
293 1979 376 2024 inutiles
381 1979 575 2040 porroquaestiones
586 1977 718 2041 λογομαχίας

138 2060 231 2108 'quoque
241 2045 318 2091 merito
328 2041 416 2092 reseras,
430 2061 476 2106 qua
488 2045 513 2088 de
525 2045 587 2089 nudis
594 2043 717 2088 nominibus

141 2119 272 2162 moventur,
288 2124 379 2171 quaeque
389 2107 449 2154 sacile
459 2108 508 2154 solvi
519 2108 616 2170 pollent,
632 2106 646 2152 fi
658 2122 719 2152 mens

140 2178 231 2236 apertius
243 2174 379 2235 explicaretur
395 2191 403 2234 3
425 2175 451 2219 de
467 2172 546 2236 quibus
562 2174 645 2219 interim
658 2187 718 2218 tanto

34 2240 36 2242 ’
66 2243 68 2245 ’
104 2266 106 2268 -
139 2236 719 2304 testiomonium,acfiresagitarenturgraviffimae,

662 2319 720 2366 que·
