1495 2681
58 183 70 192 κ
110 119 200 180 Racre
216 117 319 172 Insere.
339 113 405 169 Cin.
423 114 519 188 XXVl.
559 132 627 190 249]

40 221 136 274 ferendi,
147 239 194 284 quae
209 220 303 265 suboriri*
314 219 398 282 poliunt
413 232 484 265 contra
492 219 600 262 sententias
607 227 626 269 ,²

41 305 93 351 quas
104 288 155 334 alius
166 287 214 347 quis
225 283 332 337 defendit,
341 291 363 333 &
374 287 399 331 de
411 300 454 348 qua
464 281 501 345 ipfi
512 283 618 344 disputan·
667 295 670 299 ’

9 380 12 387 ·
40 357 62 400 di
73 352 129 399 forte
138 348 254 412 persuasum
268 349 303 396 est.
377 393 378 396 ,

49 424 50 428 ’
107 416 179 478 Qod
188 414 293 477 reliquum
304 414 344 465 est,
354 416 441 477 quando
447 412 550 459 librorum
560 427 617 475 quo·-

34 481 127 538 ttmdam
137 480 251 526 leelionem
263 481 438 527 commendamus
442 509 451 532 ‚
460 494 505 523 non
519 494 543 523 ea
553 475 619 522 nobis

32 560 100 605 mens
112 545 158 594 est,
175 559 199 589 nt
212 562 335 608 quenquam
346 544 516 609 adstringamur,
533 557 570 588 aut
580 538 618 603 ipst

38 608 134 654 auctores
150 606 214 655 fimus
236 609 345 657 sententias
363 610 434 656 inillis
450 606 524 654 obvias
540 607 619 669 ample-

38 674 109 718 elendi
123 691 127 718 :
145 677 223 738 Magna
230 675 334 741 theologis
344 675 427 722 libertas
441 674 574 720 concedenda
580 671 617 721 est,

36 752 62 783 ut
72 741 184 798 opiniones
200 739 351 804 probabiliores
368 755 432 803 atque
448 740 555 786 solidiores
568 735 618 800 ipsis

37 801 87 849 vilas
99 803 191 867 eligant,
208 806 336 866 ipsosenitn
355 807 381 851 de
396 808 424 851 eis
436 807 530 871 judicate
545 805 616 856 decet,

25 907 27 909 a
37 867 126 930 minime
137 886 187 916 veto
197 871 287 932 aliorurn
295 873 374 937 judicio
385 873 502 931 mancipati.
534 872 564 915 llt
577 886 617 914 au-

37 942 81 979 tem
97 935 207 981 meliorem
222 952 301 998 patrem
319 938 416 998 eligant,
437 932 515 981 necelle
531 935 575 986 est,
593 947 617 979 ut

37 997 95 1045 bona
106 998 147 1046 fide
157 1004 179 1046 &
189 999 232 1047 fine
242 996 360 1068 praejudicio
367 998 497 1060 diversorum
503 999 616 1044 aetolorum

37 1065 483 1132 auclotitaresnationesatqueconjeolutas
491 1068 620 1115 examinent,

36 1135 173 1192 argumenta,
190 1130 345 1184 difficultates,
368 1133 526 1194 consequentias
548 1128 618 1192 probe

35 1196 167 1258 ponderent,
184 1199 237 1242 inrer
251 1197 271 1243 le
288 1212 423 1260 comparent,
440 1212 505 1260 atque
526 1212 553 1241 ex
577 1183 629 1240 illi?

33 1258 81 1322 ipsis
92 1261 194 1321 lystemata
206 1278 281 1309 eorum
296 1262 409 1316 forment,
426 1277 471 1307 non
485 1278 511 1308 ex
527 1262 614 1322 opinio-

36 1323 259 1383 nibusmodetnotutn
271 1345 276 1371 :
293 1328 326 1375 sed
337 1345 362 1375 ex
374 1342 469 1374 veterum
484 1327 616 1375 auctoritate,

34 1392 137 1452 adquam
152 1392 181 1437 illi
197 1409 330 1453 provocant,
348 1398 443 1456 qnorum
460 1397 482 1438 &
492 1389 531 1454 ipst
544 1390 615 1436 fontes

34 1456 123 1509 adeant,
136 1458 213 1503 necesse
224 1459 265 1518 est3
284 1475 307 1505 ur
318 1452 398 1504 sensum
410 1459 467 1503 telle
477 1471 571 1506 teneant,
580 1458 614 1499 in-

34 1522 104 1583 deque
113 1521 175 1569 'caulae
189 1523 221 1570 vel
230 1524 303 1571 'robur
313 1525 347 1572 vel
356 1521 520 1586 imbecillitatem
531 1537 617 1585 cogno·
631 1540 633 1543 ·

6 1595 8 1597 ’
32 1585 94 1634 scant.

94 1652 230 1700 Deduximus
249 1653 485 1718 hacleanheologos
503 1654 529 1699 ad
546 1651 614 1699 finem

32 1734 102 1781 usque
112 1721 219 1771 Licentiae,
231 1720 318 1766 ulterius
325 1721 508 1784 ptogredientibns
520 1736 565 1764 non
577 1718 616 1788 au³=N

31 1783 129 1830 debimus
142 1785 260 1831 studiorum
271 1787 352 1849 regulas
363 1785 507 1848 ptaelctibete,
519 1783 613 1846 quodad

31 1848 192 1913 disputationem
206 1867 244 1916 pro
256 1852 342 1899 summis
358 1855 380 1898 in
394 1851 512 1916 Theologia
521 1851 613 1896 honori-

31 1914 72 1961 bus
84 1916 207 1980 capellendis
218 1920 229 1977 (
236 1918 322 1980 Vesperie
333 1917 494 1981 disputationem
505 1917 560 1962 hanc
572 1932 625 1962 tto-¹

32 1983 97 2043 cant)
109 1985 205 2045 pertinet,
217 1988 238 2028 in
245 1986 335 2030 licentia
346 1984 380 2029 lna
391 1984 434 2030 hoe
446 1984 472 2029 de
484 1984 575 2045 negotio
583 1979 615 2027 sa-

31 2050 57 2093 ris
65 2048 193 2103 didicerunt,
206 2064 230 2095 ut
241 2050 365 2112 quaestiones
373 2048 477 2113 generales
488 2051 509 2093 in
517 2049 614 2110 Scriptrt·
645 2085 647 2087 >

30 2129 75 2158 ram
85 2114 177 2166 Sacram,
188 2132 235 2178 qnae
247 2120 330 2177 recepto
349 2130 410 2160 more
425 2114 463 2159 illis
480 2112 612 2167 inseruntur,

29 2177 144 2241 defendant
155 2202 161 2239 5
179 2184 205 2227 ad
216 2181 418 2244 quastionesautem
428 2181 557 2243 particulares
574 2181 613 2226 tite

30 2247 170 2298 decidendas,
188 2249 243 2295 viam
257 2246 293 2294 fibi
303 2245 361 2293 laeile
373 2244 610 2299 sternent,·nonnullos

320 2315 386 2376 (ξς
452 2356 454 2359 ,
541 2315 610 2361 Com-
