1495 2681
46 126 59 171 't
110 119 201 174 uncas
216 115 412 170 Instituuntur.
430 111 553 189 Camlll.
592 130 629 188 43

48 219 110 272 etiam
120 228 142 271 in
148 223 216 269 schola
222 220 280 268 fuisse
289 221 417 277 nonnullos,
429 218 488 283 quasi
498 223 524 267 ad
531 221 607 267 discor·
615 253 632 276 ‚‚

48 291 182 338 diamuatos,
192 282 281 350 quirunt
291 283 486 349 optimedifferuilse
498 285 606 348 separant,
616 318 632 340 „

49 367 179 402 cumcontra
190 355 287 400 doelores
298 353 400 405 dixerint,
417 366 441 398 ut
456 366 501 397 non
517 367 560 398 ram
573 368 608 399 ve·
618 379 632 401 n

48 434 97 467 rum
106 417 207 464 invenisse
216 419 269 467 velle
287 421 414 468 videantur,
430 433 497 480 quam
513 415 606 464 adversa·
616 450 637 474 ,‚

49 488 92 532 rios
109 486 253 536 convincere,
269 481 504 544 concertationibusque
521 487 544 528 &
558 484 634 539 rixis„

48 563 103 595 toras
115 550 275 613 carrasimplere.
306 554 378 612 Atque
390 549 441 598 hos,
451 546 497 594 sunt
507 550 529 594 in
540 547 634 604 melei„

44 612 75 664 ,fia
87 614 160 666 multi,
170 631 271 679 tanquam
281 615 356 662 milites
367 613 486 661 auctoritati
497 612 530 660 vel
545 628 607 660 tuen·
618 646 633 668 ‚,

48 693 95 732 tur,
112 680 144 727 vel
151 684 290 746 impugnant,
306 686 330 727 ὃς
340 695 384 726 tota
395 695 470 725 eorum
480 682 506 725 de
516 680 607 724 retheo-
618 712 634 735 ,‚

48 743 117 808 logica
127 744 236 806 disputatio
245 749 336 809 patrium
346 747 437 791 [ludium
450 744 480 790 est
496 746 606 791 contentio
617 775 633 802 ‚,

50 823 114 871 atque
124 810 236 857 diffidlum.
284 813 348 869 Qus
360 827 401 872 ego
412 809 503 870 probare
517 825 556 854 nec
573 810 609 855 de·
620 836 634 858 n

51 872 94 920 beo
104 905 112 925 ‚
126 888 166 921 nec
175 875 264 937 pullum.
302 878 370 922 *Nam
381 877 479 936 quamvis
489 872 609 920 dissentien-
617 907 634 930 ,‚

52 940 105 984 tium
117 941 171 987 inter
180 940 200 987 se
216 938 392 1002 repraehenfiones
402 955 447 984 non
458 941 607 1002 vituperanda,
618 972 634 993 ‚,

50 1009 214 1052 concertationes
230 1020 300 1052 tamen
316 1008 339 1051 ln
351 1004 480 1067 disputando¹
496 1006 637 1066 pertinaces„

48 1070 144 1133 'indignae
163 1070 294 1131 philosophia
314 1072 452 1133 prophana,
467 1071 547 1116 nedum
559 1066 635 1126 sacra„

51 1135 148 1180 dourina
157 1137 210 1183 mihi
221 1136 285 1182 videri
294 1134 365 1182 solent.
384 1175 385 1178 ,
401 1138 426 1180 Er
437 1137 460 1181 in
470 1134 514 1180 Lib.
520 1137 556 1180 lX.
568 1149 612 1192 c.7.·
622 1160 635 1182 o

38 1240 40 1243 .
51 1198 79 1246 ab
90 1201 151 1245 initio
160 1202 188 1246 ira
198 1200 252 1248 latur
264 1219 269 1246 :
284 1205 309 1247 ln
322 1202 364 1247 hoc
373 1199 524 1263 disciplinarum
530 1215 606 1263 genere
617 1230 639 1255 „-

49 1264 176 1329 Theologiae
185 1266 335 1321 Prolelloribus
346 1272 369 1313 &
380 1265 470 1313 honesto
481 1271 504 1312 &
519 1263 607 1312 netella-
618 1296 637 1319 „2

53 1331 85 1376 rio
95 1331 138 1376 duo
150 1330 182 1376 illa
192 1334 241 1378 viria
253 1335 347 1378 maxime·
354 1332 438 1378 uitanda
447 1332 506 1381 sunt,
516 1347 564 1392 quae
571 1332 609 1377 Ci·
618 1361 636 1384 ‚,

54 1409 102 1441 cero
112 1400 296 1442 commemoravit.
329 1400 410 1445 Unum,
416 1412 443 1441 ne
448 1398 556 1458 incognita
566 1410 633 1457 pro„

54 1462 160 1523 cognitis,
185 1465 307 1525 incertaque
323 1477 375 1524 pto
403 1463 461 1507 certis
486 1460 634 1521 habeamus„

53 1527 105 1585 Qu
114 1527 135 1571 in
151 1542 174 1571 te
184 1523 248 1584 etiam
262 1530 284 1572 in
294 1526 415 1589 Theologia
431 1524 497 1571 multa
506 1539 609 1588 peccatur.
617 1556 637 1580 ‚,

53 1592 83 1636 [lt
93 1589 134 1641 illi,
145 1592 184 1654 qui
194 1595 221 1637 D.
226 1593 326 1642 Thema,
337 1593 437 1654 Scorique
450 1592 562 1651 opiniones
573 1590 606 1636 vel
617 1622 635 1645 ‚,

52 1655 168 1702 indiscussas
178 1657 346 1721 amplee‘lunrum
361 1672 445 1719 proque
453 1658 485 1701 his
498 1672 543 1702 non
553 1656 635 1709 aliter„

54 1735 151 1784 pugnant
161 1738 184 1767 ac
194 1721 369 1784 proarisusocis.
384 1751 395 1763 .
412 1747 422 1757 -
439 1720 534 1768 Alterum
543 1721 571 1767 est
578 1722 610 1766 vl·
620 1747 634 1768 υ

54 1787 125 1844 tium,
142 1790 202 1849 quod
218 1791 305 1852 quidam
321 1789 385 1834 nimis
397 1788 499 1851 magnum
515 1786 608 1834 studium
618 1817 635 1840 ,‚

52 1851 188 1915 multamque
198 1870 283 1917 operam
293 1857 316 1899 in
325 1869 357 1899 res
366 1852 464 1900 obscuras
474 1868 538 1916 atque
554 1849 609 1911 diffi-
617 1880 633 1904 ‚,

54 1918 101 1964 ciles
108 1916 236 1969 conferunt,
252 1935 330 1982 easque
340 1935 387 1964 non
396 1915 517 1965 hecrllarias.
551 1919 609 1982 Qu
618 1947 635 1972 ‚,

53 1984 76 2027 in
88 2000 164 2046 genere
173 1986 252 2031 multos
262 1986 347 2032 etiam&
361 1985 435 2030 nostris
449 1999 534 2046 peccare
548 1985 611 2029 video
621 2008 634 2029 ι,

54 2062 79 2093 ut
89 2065 122 2094 eas
130 2065 219 2111 quoque
230 2051 354 2113 qnaelliones
361 2048 453 2096 leriffime
462 2046 609 2109 persequeren-
620 2079 635 2100 „

54 2110 101 2163 rur,
118 2114 195 2176 quibus
211 2117 339 2179 Porphyrius
355 2115 469 2163 abstinuit,
486 2113 555 2159 homo
567 2117 609 2172 im·
619 2144 635 2168 ‚,

53 2180 101 2242 pius
110 2206 120 2231 ‚·
135 2179 200 2241 sedin
214 2185 252 2229 hac
270 2200 292 2229 re
304 2183 394 2245 prudens
405 2195 492 2232 tamen,
508 2179 609 2243 urPlato·
619 2209 635 2233 „

53 2248 100 2299 nis,
109 2245 268 2313 Aristotelisque
281 2247 402 2311 discipulum
419 2244 530 2310 agnoscere
539 2243 636 2372 pff&

568 2338 583 2364 θ)
