1495 2681
129 113 167 191 90
204 111 367 176 Mnrrionus
385 120 482 177 Srunn·
494 119 653 183 Toronen

128 240 190 302 quod
201 244 286 290 attinet,
298 238 370 286 sanum
391 244 414 286 ὃς
427 239 521 286 limatum
541 236 641 302 subjet‘lo'
652 234 700 281 insu

125 306 229 370 judicium
239 336 246 354 ‚
258 303 434 367 quoddiscernere
441 304 487 350 sciat
496 318 568 350 verum
578 299 699 351 isalsmRe-

128 369 251 435 ligionerna
263 369 417 432 superstitione,
433 372 589 422 audloritatem2
600 370 631 414 cni
645 365 698 413 fides

127 436 222 486 debetur,
233 434 259 481 ab
276 433 418 486 illusionibus,
432 438 546 497 genuinam
564 437 659 495 pietatem
669 431 697 478 ab

124 499 229 552 infucata,
244 498 373 549 veritatemd
388 500 505 548 mendaciis.
546 502 626 562 Pingue
637 501 697 559 inge·

124 568 203 615 nium,
218 566 280 629 quod
294 563 371 611 finistre
381 565 469 633 judicat,
484 566 548 628 ‘quod
561 564 696 627 superstitioni

123 631 231 681 deditum,
247 632 307 691 quod
324 628 445 680 credulum,
461 630 522 692 quod
532 627 593 675 fatuis
605 628 696 676 subdolae

123 698 210 743 rationis
223 691 308 757 ignibus
321 692 378 740 facile
388 691 500 744 seducitur,
517 708 541 740 ut
553 693 635 741 bonum
646 710 695 758 pro-

122 775 176 808 creet
194 758 349 823 Theologum‚
366 774 438 821 aprum
448 758 477 805 est
487 760 581 805 minime.
634 765 636 767 ’

128 838 130 841 ·
190 828 235 872 Cor
245 824 307 887 quale
319 822 330 871 ?
358 826 379 871 Si
389 826 479 889 requiras
490 844 498 886 3
513 821 636 885 Theologiae
646 823 695 870 Stin

123 888 193 937 diosus
208 890 343 955 Religionem
357 906 420 955 arque
436 895 542 938 veritatem
554 889 696 952 superomnia

120 956 204 1021 diligar,
224 972 248 1002 ut
259 957 312 1003 nihil
333 975 381 1004 eum
397 959 520 1010 dimoveat,
539 971 563 1002 ur
577 970 659 1018 paratus
669 952 695 1001 fit

119 1037 159 1084 pro
170 1025 213 1088 ejus
225 1020 345 1069 desenfione
360 1024 460 1086 quicquid
474 1021 574 1086 possidet,
586 1023 691 1071 amittere,

120 1092 193 1133 omnia
203 1085 305 1149 perferre,
322 1089 378 1134 nulla
389 1090 467 1150 proprii
482 1103 517 1133 aut
528 1088 608 1135 alterius
624 1087 692 1151 cujus·

117 1162 172 1213 que,
180 1153 240 1215 quod
249 1152 344 1204 interest,
356 1153 440 1216 sequior
453 1155 555 1205 intentio,
566 1151 635 1199 nullus
645 1153 691 1197 ani·

117 1220 148 1262 mi
157 1217 242 1263 asterius
257 1216 269 1262 ὲ
285 1216 383 1264 sententia
398 1236 437 1282 pro
453 1218 510 1265 bona
522 1217 588 1266 caulla
602 1216 691 1277 suscepta

117 1300 168 1329 eum
182 1283 274 1348 dejiciat,
283 1282 383 1330 illecebris
400 1290 423 1335 &
434 1283 509 1333 delitiis
519 1280 691 1331 mundanis'ulti-

115 1357 177 1396 muru
188 1350 279 1396 omnino
297 1348 348 1396 Vale
363 1352 435 1403 dicat,
456 1350 508 1396 nulli
518 1365 589 1412 prater
604 1350 690 1395 DEUM

113 1414 193 1476 placere
203 1417 273 1476 cupiat
285 1445 292 1468 ,
307 1415 379 1477 ptaeler
388 1431 487 1478 praecepta
494 1418 537 1482 ejus
543 1414 594 1462 nihil
606 1425 689 1475 querat,

115 1485 138 1527 &
147 1478 240 1543 perfetio
253 1482 307 1537 Eum
317 1482 546 1528 cultubonorarenmni
553 1480 690 1528 contentione

113 1548 198 1593 nitatur.
231 1548 324 1596 Contra,
335 1545 409 1593 remiffi
418 1562 480 1614 arque
491 1549 557 1593 timidi
567 1546 643 1597 animi,
651 1543 687 1590 uhi

112 1615 186 1658 veritas
198 1623 241 1657 erat
252 1609 401 1673 defendenda3
416 1613 525 1664 homines,
539 1615 634 1673 inquam,
645 1608 687 1659 illi,

112 1684 168 1739 quos
181 1691 218 1723 aut
227 1675 317 1723 ambitio
328 1696 396 1729 coeca,
405 1693 439 1724 aut
445 1677 539 1740 insanum
549 1678 622 1740 privati
627 1672 686 1720 conr-

111 1745 173 1790 modi
188 1743 280 1789 studium
290 1746 352 1806 rapit,
367 1746 393 1790 ad
412 1758 489 1806 partem
509 1744 651 1805 potentiorem
664 1742 686 1786 in

110 1808 220 1855 sentiendo
231 1807 358 1870 sequendam
377 1812 450 1873 proni,
464 1819 510 1855 rur'n
531 1807 598 1855 laciles
616 1807 642 1852 ad
657 1803 686 1851 se-

109 1877 193 1937 quenda
204 1875 304 1937 principia
315 1875 453 1940 regulasque,
475 1892 521 1937 qua
537 1873 582 1920 sunt
594 1873 620 1918 de
631 1886 686 1917 tem-

110 1953 182 2002 pore,
197 1942 222 1987 ad
239 1939 380 2003 defendendas
395 1940 548 2003 propofiriones
562 1936 685 2001 Theologiae
709 1944 711 1946 ’

110 2008 276 2054 commodioris:
293 2006 323 2053 illi
332 2009 438 2068 denique,
448 2015 540 2069 quorum
552 2006 632 2051 animus
638 2018 684 2049 cot-

109 2076 182 2133 ruptus
191 2093 204 2123 ,ν
214 2074 313 2136 vitiisque
322 2067 421 2119 imbutus
429 2078 451 2118 δι
461 2074 590 2132 mancipatus
601 2069 640 2120 cll,
656 2068 682 2114 a'd

109 2139 187 2183 Graecas
200 2139 286 2185 demum
299 2138 402 2186 calendas
413 2137 576 2203 boniTheologi
586 2133 682 2183 officium

107 2200 273 2264 adiinplebu·nr;'
291 2207 467 2273 ‘'Qainc'unque
485 2204 629 2267 speculativam
644 2198 683 2246 sibi

107 2272 273 2334 comparaverint
284 2269 401 2325 scientiam,
410 2287 484 2319 eorum
496 2286 565 2341 tamen
575 2267 681 2377 corrupciio

110 2355 113 2365 =·
373 2359 374 2362 ¹
614 2348 651 2381 tor
666 2348 682 2378 u
