1495 2681
110 211 133 256 δε
143 223 224 270 partem
235 215 277 274 eius
290 213 389 277 majorem
400 208 461 257 efficit
473 209 484 257 ἲ
500 214 543 258 Aut
553 209 612 269 quod
622 222 680 270 pon-

110 274 150 322 dus
166 269 267 322 sententia
277 276 304 323 ab
319 281 479 341 congregatione
492 276 525 324 tali
540 273 594 326 late,
604 275 627 317 in
638 287 680 332 qua

109 337 191 386 licitum
205 345 296 387 omnino
308 358 353 388 non
370 342 399 389 eil
417 344 528 405 unicuique
543 338 595 389 serre
610 335 679 384 (uilta-

111 407 356 468 giumproutivr'detur?

179 472 342 518 Canouillatum
351 473 462 517 auotoritas
471 486 510 517 net
523 473 545 516 in
561 468 622 517 rebus
632 467 680 514 fidei
696 498 698 500 >

110 534 238 600 negligenda
247 535 329 590 essenii
343 535 446 582 veteribus
455 536 558 585 conciliis,
570 539 592 581 in
604 533 681 598 quibus

111 597 161 648 fidei
171 602 244 648 nolite
254 601 331 648 articuli
341 600 432 662 descripti
444 618 467 647 ac
477 601 556 647 deliniti
565 601 622 651 lunt,
639 601 683 646 stu-

112 665 173 711 dium
180 667 301 714 &laborem
311 666 468 726 impenderent:
486 666 518 711 led
528 668 576 728 quia
583 682 628 728 pars
634 665 682 711 illo-

112 746 160 776 rum
171 732 239 776 multo
244 732 333 776 maxima
339 731 603 794 novojuri&dectetalinm
609 730 683 779 lectio.

111 798 135 841 ni
146 795 264 858 plerunque
274 794 413 845 addiolilunt,
423 795 684 858 questioncsautemquae

111 861 212 923 dogmata
221 875 351 908 concernunt
360 861 437 908 incalla'
447 861 580 924 relinquunt,
589 863 611 906 in
616 863 694 922 iisque·

113 940 209 977 tantum,
221 944 345 990 quemores
355 934 377 975 ὃς
388 927 499 988 disciplinas
514 927 616 989 spellam,
625 926 685 972 desu-

113 993 181 1042 dant,
197 1008 271 1053 parum
283 992 372 1039 utilitatis
383 994 408 1038 ad
420 993 573 1038 confirmandas
579 993 685 1038 dollrinas

114 1057 142 1103 ab
158 1074 233 1103 eorum
254 1074 343 1121 operum
364 1057 455 1105 lcffione
474 1057 583 1119 exlpeClati
606 1057 685 1120 pmest5

66 1151 67 1154 =
115 1125 213 1186 quamvis
221 1122 261 1172 illi,
273 1129 310 1185 qui
319 1125 365 1168 istas
378 1127 471 1169 materias
485 1139 552 1169 curate
562 1124 686 1174 uallatum,

112 1186 250 1234 reformandae
261 1187 368 1248 discipline
378 1186 511 1235 ecclefiasticae
518 1205 596 1252 magno
606 1186 688 1233 sintacl·

112 1251 221 1298 rniniculo.
252 1252 390 1299 Caluiliarum
406 1253 514 1299 volumina
524 1256 549 1299 acl
561 1252 687 1315 cognoscen-

114 1318 163 1363 rlam
174 1318 300 1382 dogmatum
312 1320 418 1364 veritatem
434 1321 538 1364 minorem
547 1319 615 1366 adhuc
627 1316 686 1364 ulum

114 1382 221 1445 prebent:
239 1399 288 1427 nam
300 1382 334 1429 etfi
345 1384 531 1441 dooltinamorum
541 1400 585 1429 non
591 1385 687 1447 exiguam
732 1417 734 1420 -

115 1449 218 1495 closttioae
239 1448 351 1494 christiana
365 1463 445 1509 partem
463 1448 578 1508 conficiat,
596 1449 687 1494 astamett

115 1513 157 1563 illi,
168 1515 204 1576 qui
218 1516 317 1577 principia
333 1528 396 1576 atque
410 1514 491 1576 regulas
502 1514 546 1561 suas
561 1513 651 1559 morales
662 1529 688 1558 ert

116 1576 176 1624 Sacri
189 1578 294 1641 Scripturi
310 1582 332 1624 ὃς
348 1579 468 1624 Traditione
481 1581 582 1625 deducere
593 1600 606 1629 2¹
619 1579 689 1624 edofili

116 1659 164 1690 non
177 1644 234 1693 sunt,
245 1644 357 1705 sedquoatl
370 1646 482 1689 maximam
494 1642 689 1707 partemnihilaliud

117 1707 223 1759 fecerunt,
240 1725 307 1771 quam
319 1708 442 1770 urspeciales
454 1707 508 1755 casus
518 1708 648 1760 resolverent,
653 1724 690 1770 pet

117 1776 209 1822 tationes
219 1779 241 1820 &
252 1776 278 1818 acl
290 1772 342 1819 fines
353 1776 442 1818 nimium
454 1777 550 1836 ancipites
560 1774 582 1820 δι
593 1774 691 1836 planeta-

117 1839 159 1888 les,
169 1856 218 1901 quae
227 1837 281 1901 ipsos
291 1840 313 1883 in
330 1854 409 1884 errores
425 1843 447 1886 ὃ(
462 1839 600 1891 intolerabiles
616 1841 691 1884 conni-

119 1907 198 1964 ventias
210 1903 238 1950 ab
247 1902 333 1951 ecclcfiis
338 1906 387 1969 jure
402 1905 520 1968 meritoque
529 1908 633 1951 damnatas
640 1921 690 1966 prar->

122 1973 246 2031 cipitatunr3
267 1970 317 2015 hinc
333 1970 444 2015 aucloritas
464 1971 548 2017 illorum
566 1970 643 2015 nullius
662 1969 692 2015 est

155 2037 225 2096 pretii,
236 2043 258 2081 &
270 2036 328 2080 unde
338 2035 447 2080 commodi
456 2037 574 2098 quidquam
586 2036 662 2087 trahas,

234 2102 256 2147 iu
270 2116 345 2148 eorum
363 2098 464 2160 operibus
479 2118 579 2165 perpauca

297 2223 298 2226 Ἴ
357 2160 458 2215 offendes.

553 2272 693 2356 Carur
