1495 2681
6 78 56 161 ξ’
89 82 95 173 ι’
111 78 117 171 J
134 75 214 179 ads
226 94 499 154 Muruoou'sSruou
510 94 654 166 Turoroess

133 183 711 198 -.-..-..-.....---....

131 209 227 270 'consrstit
234 242 241 265 ‚
249 211 265 266 ,fi
278 230 314 275 per
325 211 382 259 salsas
391 211 441 278 legis
452 213 631 272 interpretationes
640 209 711 272 supina

132 277 290 342 indulgentiam
307 281 429 326 connivent.
454 288 489 326 20.
503 274 624 325 Silianam,
639 277 710 321 termi-

132 359 218 407 nosque
227 344 279 407 legis
289 344 436 397 secuti,nervo
445 359 508 407 atque
517 340 586 404 spiritu
592 340 646 388 illius
652 339 710 387 haud

132 424 231 461 attento,
249 411 314 472 rigide
325 412 386 456 nimis
397 411 512 462 decidunt:
529 410 622 453 uenum
630 423 656 454 ex
666 422 709 452 una

131 488 204 520 tarnen
215 490 275 538 parte
286 493 357 522 cavere
367 475 451 522 summo
462 475 531 522 studio
540 472 630 526 debent,
639 470 667 518 ne
677 489 709 519 er-

129 554 208 586 roneas
224 541 378 588 modernorum
401 539 556 587 nonnullorum
577 539 708 586 casuistarum

129 608 244 668 opiniones
249 608 311 669 ,jure
323 604 349 651 ab
361 604 447 651 Ecclefia
463 608 571 653 damnatas
584 604 707 668 sequantur,

128 688 157 718 ex
169 671 230 718 alteras
247 685 336 720 autem,
352 684 380 715 ne
393 672 444 732 quid
460 671 518 717 velut
533 685 661 734 preceptum
671 685 706 715 ur-

127 750 192 801 geant
200 749 236 782 aut
249 734 377 787 obtrudant,
388 735 449 800 quod
457 751 540 782 merum
551 736 580 783 est
589 734 705 784 confilium.

127 804 231 865 Denique
242 804 265 848 in
284 801 385 848 omnibus
401 801 447 858 suis*
456 799 595 849 decisionibus
606 802 705 865 justitiam

125 881 193 931 atque
206 870 327 931 equitatem
341 898 349 919 ,
364 882 465 931 tanquam
483 864 587 914 summam
605 868 705 913 omnium

125 934 239 981 adlionum
249 932 358 999 tegulam,
370 932 399 980 ob
406 933 480 982 oculos
485 931 521 980 fibi
530 926 610 998 serltper
615 947 705 996 ponant,

125 1001 179 1046 nihil
193 1000 249 1054 aliud
266 1002 412 1051 attendentes,
428 1000 551 1063 nullamque
567 999 705 1063 personarum

125 1068 232 1113 rationem
241 1064 360 1112 habentes:
376 1082 421 1111 non
435 1081 458 1112 ut
474 1067 583 1113 mendaces
592 1065 704 1128 Propheta:

123 1130 264 1193 respondeant
273 1160 280 1180 ‚
290 1129 342 1176 illud
351 1133 418 1177 modo
427 1133 567 1195 respicientes,
584 1134 644 1195 quod
651 1147 704 1188 con·

122 1194 236 1243 solentium
246 1197 329 1243 auimos
336 1196 453 1245 demulceat
469 1219 477 1258 5
493 1197 526 1244 sed
536 1197 587 1244 illud
600 1196 704 1260 intrepide

122 1261 268 1326 eloquantur,
284 1264 344 1324 quod
352 1265 419 1310 dicere
433 1267 507 1310 veritas
516 1263 589 1329 jubet,
600 1263 703 1325 postulae

123 1345 186 1391 que,
202 1328 249 1375 licet
267 1325 374 1380 difficile,
399 1331 495 1379 dutum„
516 1345 580 1393 atque
594 1332 702 1394 ingratum

121 1392 160 1440 sit:
182 1397 302 1458 Nunquam
313 1391 429 1443 suffulciant
440 1395 590 1443 delicatulosac
599 1395 702 1453 remissio·

120 1476 154 1506 tes
168 1459 259 1523 pulvillis
269 1460 418 1512 mollioribus,
435 1477 475 1509 nec
486 1478 584 1525 unquam
593 1465 615 1508 in
627 1462 701 1507 securi·

75 1588 77 1590 η
120 1540 185 1573 tatem
196 1544 234 1573 eos
244 1525 314 1573 salsam
325 1543 441 1589 reponant,
458 1527 491 1574 sed
502 1526 558 1575 serto
568 1529 591 1574 δὲ
600 1530 648 1592 igne
655 1543 699 1573 rua-

75 1595 77 1599 ’
119 1590 702 1656 lumresecandumradicitus‚absumendurnquecurent:

189 1663 263 1723 Atque
278 1660 310 1705 hae
327 1657 374 1705 sunt
390 1655 477 1723 *tegula
498 1662 625 1722 precipua,
651 1675 698 1723 quae

118 1727 215 1790 inprimis
239 1727 262 1771 iu
278 1724 387 1771 audiendis
401 1723 700 1788 conseffionibus'usurpanda

117 1789 697 1855 ueniunt:nostrumuouest,ampliusexspatiari‚quod

54 1889 56 1893 <
117 1863 142 1906 δι
152 1855 369 1921 locushicprohibet:
385 1857 538 1904 modernorum
548 1861 693 1922 pariteratque

117 1927 257 1988 antiquorum
268 1922 338 1970 hficde
349 1921 448 1987 rescripta
458 1923 535 1970 consuli
547 1939 663 1987 poterunt,
673 1929 701 1976 ὃς

116 1992 173 2037 inter
181 1991 220 2037 alia
231 1991 251 2036 8.
262 1989 334 2036 Caroli
344 1991 458 2036 Borromaei
467 1990 554 2054 regula,
564 1989 696 2054 quasClerus

104 2056 237 2110 vGallicanus
254 2056 376 2119 adoptavit,
397 2055 509 2120 posuitque
524 2056 580 2103 velut
597 2072 696 2121 aggerem

116 2122 212 2169 adversus
226 2124 389 2173 connivemus,
406 2139 452 2186 quae
463 2122 530 2184 palam
540 2125 639 2184 irrepunt,
661 2126 696 2168 lu-

116 2188 231 2235 dicavimus
244 2191 288 2252 jam
304 2204 368 2250 opera
380 2189 502 2241 nonnulla,
525 2187 646 2251 exquibus
662 2205 698 2246 reg¹

115 2251 203 2317 gulaeio
224 2254 388 2301 administrando
409 2256 545 2305 Sacramento
563 2256 695 2303 Poenirenriae

624 2320 695 2368 obser-
