1495 2681
168 121 224 172 206
260 118 681 193 MarnouusSruouTnaotoa

236 232 349 280 peculiares
360 251 449 297 quoque
462 233 526 280 libros
537 234 562 279 de
576 230 658 279 diversis
670 236 741 295 capiti·

167 295 210 344 bus
219 298 335 346 moralibus
344 299 472 362 compositos
478 299 579 349 consulas,
589 317 607 345 e.
612 316 633 361 g.
637 299 663 344 de
669 300 741 350 Usura,

168 364 291 424 Elemosyna
310 369 349 411 &o
365 381 459 427 quorum
476 366 593 429 catalogum
611 362 740 427 insequenti

168 428 260 482 indiculo
270 428 373 476 dabimus.
394 450 396 452 ·
731 456 732 459 ¹

233 492 355 541 Decifiones
369 493 451 540 casuum
469 497 595 543 conscientia
609 496 697 557 Domini
713 495 740 541 de

166 560 187 606 S.
197 562 286 610 Beuve,
305 559 437 620 aliorumque
456 559 569 608 doliorum
585 558 739 611 Patifienstum,

166 641 248 688 magno
258 625 287 669 eis
297 640 358 670 erunt
369 622 424 672 usui,
437 625 475 683 qui
487 626 569 674 dioecesr
579 627 610 674 vel
622 626 739 690 parrochia.

166 694 197 737 tui
208 687 306 752 praesunt,
317 687 350 733 vel
360 686 456 732 fidelium
468 693 587 739 animarum
598 708 666 740 curam
678 690 739 738 alirn.

165 755 188 801 bi
199 767 272 818 agunt,
733 780 735 783 -

233 822 256 864 ln
273 818 302 863 sui
319 834 370 880 vero
384 819 485 881 cujusque
494 816 654 866 instruslionem
676 833 740 882 atque

162 884 288 949 peculiarem
304 880 477 935 aedificationem,
493 881 579 929 nonnisi
597 880 740 932 excellentiora

164 967 260 998 veterum
272 948 360 994 moralia
370 947 416 994 sunt
426 949 521 1012 legenda,
528 965 569 994 una
579 966 627 996 cum
639 948 739 1012 operibus

165 1018 307 1063 recentiorum
313 1014 402 1059 limatius
410 1017 506 1064 exaratis,
516 1018 626 1076 magisque
634 1014 739 1078 adproba-

166 1083 209 1134 tis,
226 1098 244 1126 e.
255 1098 276 1143 g.
287 1079 364 1125 Nicolii
374 1080 482 1140 Specimen
495 1081 596 1125 doetrinae
602 1080 693 1133 morale,
702 1097 738 1126 ex-

165 1147 250 1210 plicatio
268 1144 355 1189 Moralis
364 1147 386 1188 in
394 1146 520 1191 Orationem
535 1147 669 1192 Dominicam
683 1150 737 1193 διε..

232 1208 270 1256 Ob
281 1211 334 1254 hanc
343 1207 407 1269 ipsam
416 1209 496 1256 causam
509 1209 627 1256 nonnullos
642 1212 668 1256 de
682 1209 739 1273 spiri*

164 1274 256 1323 rualitate
270 1273 335 1319 libros
349 1274 447 1328 evolvas,
464 1293 482 1323 e.
492 1278 645 1338 gqtnnocenn'i
654 1279 691 1334 111„
711 1277 743 1322 de·

129 1355 131 1357 ·
165 1355 276 1387 contemtu
285 1340 360 1384 mundi
366 1369 373 1391 ‚
385 1341 527 1386 Bernhardum
533 1343 555 1384 in
564 1343 675 1393 Canticum
680 1343 735 1387 Can-

164 1410 268 1457 iicorum,
277 1410 299 1450 &
310 1405 405 1450 Getionis
419 1405 500 1468 aliquot
512 1408 587 1467 scripta.
619 1406 709 1452 Thomae
724 1406 738 1451 ὲ

165 1472 295 1532 Kempisde
321 1472 439 1516 imitatione
454 1471 508 1532 JEsu
532 1470 608 1515 Christi
630 1469 739 1520 libellnmr

164 1538 246 1584 Ludov.
268 1533 413 1586 Gmmmnfis,
438 1536 459 1582 S.
469 1532 575 1581 Therefia
590 1534 678 1597 aliqua,
696 1537 735 1581 Ni-

164 1602 242 1648 collum
254 1604 281 1645 de
295 1601 402 1648 oratione,
415 1601 578 1644 Hammondum
592 1602 618 1644 de
628 1602 704 1662 pietate
713 1606 743 1647 δε·

162 1666 245 1714 infinita
254 1667 337 1720 Pietatis
347 1680 435 1725 praxeos
447 1664 501 1714 alia,
519 1664 632 1724 exquibus
643 1669 666 1709 ea
677 1667 735 1727 quis-

163 1732 299 1795 queseligat‚
317 1744 364 1791 quae
375 1731 439 1792 genio
451 1728 489 1775 suo
500 1731 588 1773 maxime
604 1744 661 1791 grata
676 1729 739 1780 sunt,v

161 1795 326 1860 ipfiquemelius
342 1796 487 1847 conveniunt,
508 1794 584 1839 horum
600 1810 692 1857 namque
706 1795 735 1842 le-

161 1865 206 1908 oiio
218 1861 300 1907 nullum
313 1861 440 1914 continuum
450 1866 473 1904 ac
488 1860 631 1918 methodicnm
642 1860 743 1910 studium

161 1929 258 1990 requirit,
269 1927 302 1971 sed
314 1927 368 1986 piam
377 1923 513 1969 solummodo
529 1926 556 1969 ad
567 1923 665 1987 religiosas
673 1927 740 1988 cogi-v

162 1998 253 2039 tationes
266 1991 395 2039 excitandas,
407 1987 553 2052 fovendosque
567 1993 740 2052 occupationem„

162 2057 250 2121 Qubus
260 2057 383 2118 praedicandi
396 2052 454 2099 verbi
472 2057 542 2099 Diviui
557 2070 634 2102 munus
649 2059 740 2101 incum->

111 2118 113 2121 ⁴
164 2122 206 2173 bit,
222 2121 256 2167 vel
268 2125 304 2184 qui
315 2122 343 2166 'ad
358 2116 453 2165 officium
467 2119 509 2164 hoc
522 2117 733 2166 subeundum'vocati

161 2187 216 2236 sunt,
222 2187 250 2232 illi
258 2189 355 2248 principia
361 2186 544 2248 atqueaxiomata‚
555 2187 733 2247 quaedoceaunex

162 2252 222 2298 Sacra
232 2252 334 2314 Scriptura
346 2266 410 2314 atque
421 2248 515 2297 Patribus
529 2250 621 2303 haurire,
632 2251 740 2313 solidum..⁴

691 2317 741 2378 que
