1495 2681
131 126 200 183 *208*
226 121 636 196 MnrflonusStunuTHnoLoG.

248 276 391 343 Cneut
438 251 632 343 XXIV.

132 383 180 443 De
196 381 236 442 H
232 378 335 455 [tora
356 375 470 438 Chiona
459 380 526 458 ogra
547 370 626 453 nique
617 366 708 436 Geo—

286 456 387 531 graphia
392 452 553 536 satrastudio

135 559 401 710 OBseettavimusjam
412 563 435 606 in
447 560 625 611 antecedentibus,
635 559 709 623 Histri·

227 643 279 672 raam
293 625 367 671 Eccles
368 626 449 670 astream
460 641 511 673 tum
514 627 624 673 rectiffime
630 627 707 672 trania-

137 719 139 722 -
225 706 262 741 ιι,
279 688 376 755 fijunCio
387 705 435 734 cum
446 693 531 737 Patrurn
543 691 707 738 lectionestudio

132 755 230 803 ordinem
240 755 362 800 Secuiorum
378 755 492 817 sequatutz·
511 756 614 820 smulque
633 758 708 803 annio·

131 835 164 867 res
174 816 259 883 singulis
266 820 343 866 Seculis
352 820 452 884 legendos
462 823 625 872 nominavimus.
685 824 707 865 ui

131 899 203 931 autem
214 889 337 949 precipuam
347 886 396 932 huic
406 886 498 931 studio
485 903 562 933 navate
572 892 667 950 operam
671 903 707 932 cu-

133 953 208 1014 piunt,
225 967 277 996 mox
287 951 337 997 ab
330 954 391 997 mitio
406 950 704 1015 chronologiaeremporum
690 969 706 996 a

132 1017 216 1062 mundo
231 1017 317 1063 condito
334 1016 505 1080 ichnographiam
522 1016 562 1062 fibi
577 1015 707 1063 formabunt.
746 1072 747 1075 Ἰ

133 1081 167 1128 Ad
173 1082 194 1126 id
202 1081 323 1141 ipsumvero
330 1081 445 1145 plurimum
451 1083 563 1147 adjumenti
571 1082 651 1129 dabunt
659 1083 706 1127 Sta-

133 1146 190 1209 lige
175 1161 190 1190 ιι
203 1145 318 1193 Thesaurus
327 1163 466 1210 tempotum,
484 1151 507 1194 P.
518 1150 595 1195 Petavii
604 1148 707 1194 Doditina

131 1226 266 1287 tempotum,
284 1213 544 1264 MatshamiChronicon‚
555 1212 707 1259 TotnieiiiAn

131 1275 200 1326 naias,
216 1279 266 1322 item
280 1277 452 1336 utteri15v0ffit
468 1273 615 1342 Chronologia‘
633 1278 706 1327 Sacra,

131 1345 227 1389 Peztonii
242 1345 361 1418 Antiquitas
371 1359 491 1406 tempotum
508 1343 612 1397 restituta,
623 1342 705 1404 aliaque

130 1409 193 1485 hujus
203 1410 284 1471 generis
294 1425 368 1472 opera,
386 1411 466 1472 quippe
475 1425 521 1471 quae
531 1408 626 1455 solidam
630 1409 704 1454 Histo-

131 1476 165 1534 rix
171 1478 194 1520 &
200 1474 351 1537 Chronoiogiae
361 1477 435 1521 veteris
444 1478 539 1521 notitiam
545 1473 704 1521 subministrant.

50 1588 51 1595 ἵ
129 1540 280 1605 Adjunganrut
292 1540 360 1585 studio
376 1540 425 1587 huic
441 1555 519 1586 veteres
534 1540 624 1585 historici
639 1541 705 1584 Graeci

130 1608 205 1668 pariter
215 1621 238 1650 ac
246 1603 317 1654 latini,
310 1607 420 1668 ,gentium
431 1605 539 1650 historiam
547 1608 662 1653 tradentes:
657 1619 705 1649 ··at

131 1668 235 1734 q11e‚‚ubi
246 1670 272 1714 ad
282 1684 376 1731 tempora
386 1668 439 1731 JEsu
450 1670 526 1716 Christi
540 1684 664 1732 perventum
681 1672 705 1714 in'

129 1736 222 1782 lectione
238 1732 301 1780 fuerit
321 1735 496 1797 Evangeiistarum
518 1736 655 1780 Harmoniam
676 1733 706 1780 le·

131 1816 195 1865 gant,
188 1798 316 1862 ,librosque
326 1802 352 1846 de
363 1800 455 1845 Historia
465 1802 554 1846 Domini
567 1801 641 1847 Nostri
651 1799 705 1862 JEsu'

130 1866 208 1914 Christi
218 1866 360 1927 conscriptos
354 1898 362 1918 ,
378 1866 409 1910 his
421 1866 517 1927 peractis,
528 1866 624 1912 Histotici
633 1864 703 1911 Eccle-

129 1931 200 1979 fiastici
209 1948 246 1993 pet
252 1933 348 1976 ordinem
354 1929 489 1980 seculorum,
500 1931 646 1977 conciliorum
651 1931 706 1981 ειᾶι,

130 2002 259 2059 Pariumque
270 1996 340 2059 scripta
349 1997 373 2040 ad
386 1996 492 2043 historiam
501 1996 634 2059 aliquatenus'
642 1998 706 2056 petti-

131 2066 202 2110 nentia
213 2060 352 2108 conferantur.
376 2063 434 2106 Cum
445 2064 467 2106 in
479 2063 512 2107 sex
521 2061 625 2124 primibus¹
634 2060 705 2107 seculis

131 2128 222 2175 Historia
232 2127 365 2174 Eceiefiaiiica
380 2142 428 2172 cum
442 2125 504 2172 rebus
519 2131 540 2172 in
554 2128 644 2191 Imperio
656 2131 705 2174 Ro-

132 2209 197 2238 mano
208 2194 268 2255 gestis
283 2192 306 2239 fit
317 2192 424 2256 permista,
435 2192 529 2239 nudiores
540 2210 629 2256 quoque
637 2197 707 2254 Impe-

130 2273 224 2307 ratorum
237 2261 302 2309 vitam
313 2258 463 2322 historiamque
474 2258 505 2307 'sui
521 2262 621 2323 temporis
638 2256 707 2324 const-

617 2337 706 2388 gnautes
