1495 2681
114 82 205 140 neem
222 85 326 148 msto.
346 86 413 148 ΕΑΒ.
430 88 526 145 XXIX·
567 82 621 159 279
664 74 666 77 .

42 163 622 179 Ἣ

10 230 12 233 .
41 191 114 250 patio,
131 207 169 237 nec
180 192 287 253 privatum
304 192 460 240 commodum,
470 207 510 236 nec
519 188 618 240 affestm,

40 269 80 299 nec
90 254 199 317 φιλαυῖίαί,
216 271 255 302 nec
267 257 393 318 opiniones,
404 254 483 319 quibus
498 257 575 301 addim
585 257 618 302 su-

39 336 88 366 mus
98 324 124 367 ad
136 324 255 384 quidquam
270 337 311 368 nos
327 321 441 384 impulere,
455 324 515 382 quod
530 321 618 371 lectori,

39 389 134 449 quisquis
142 387 176 432 iile
187 385 266 440 fuerit,⁴
280 386 377 445 fraudinc
388 389 515 434 detrimento
526 385 616 449 effepos-

38 451 77 501 fit:
95 450 199 498 ‚illibatam
215 448 340 518 Theoiogiae
355 452 453 512 studiofis¹
468 452 617 499 sententiatum

38 517 156 564 libettatem
172 519 328 583 relinquimus,
351 535 375 566 ut
390 536 442 583 quas
455 521 536 565 veritati
550 535 617 581 atque

25 586 132 646 -uquitati
143 590 234 631 maxime
246 584 366 632 conformes
377 586 517 635 arbitrentur,
533 583 576 631 suas
584 585 616 630 fa-

38 651 94 695 ciant
105 666 111 698 :
127 653 257 707 minimeque
267 670 290 698 ea
300 651 364 698 nohis
376 668 437 698 mens
448 651 477 697 est
488 682 494 701 ‚
512 666 535 696 ut
545 652 577 696 vel
584 650 615 696 ul-

35 714 81 775 lum
93 715 201 763 hominem
209 718 311 768 methodo
321 718 396 764 nosttae
408 717 440 764 vel
449 715 615 780 regulisdnobis

36 780 88 826 datis
97 782 267 846 adstringamus:
282 783 384 829 nolumus
398 783 457 829 aliter
473 784 514 829 hos
525 783 569 829 haec
579 783 614 829 hic
642 793 646 800 ”

35 843 177 899 confidenti,
191 866 255 911 quain
271 851 413 895 Hermeticam
428 849 533 899 statuam,
556 851 613 895 viam

35 913 249 965 commonstrantem‚
265 912 327 960 fitum
340 913 370 959 est
381 917 403 959 in
420 915 510 977 cujusvis
519 916 612 975 potesta-

34 992 68 1030 te,
85 994 150 1040 quam
161 978 248 1038 lubeat,
265 983 321 1026 viam
331 982 396 1031 inite,
412 977 472 1024 stille
481 977 534 1024 sorte
545 978 613 1024 sottu-

33 1059 62 1089 na
73 1045 95 1089 in
105 1045 238 1107 hodogetam
247 1044 310 1091 nobis
321 1040 463 1106 probatiorem
472 1046 572 1095 inciderit,
579 1045 613 1090 lu.

33 1108 108 1156 beuter
118 1112 271 1161 concedimus,
287 1125 310 1156 ut
322 1111 428 1156 dominas
444 1113 487 1176 ejus
498 1110 613 1172 ampletssta-

33 1190 74 1222 tut.
106 1175 170 1222 Multi
180 1176 254 1238 procul
265 1175 363 1222 dnbioin
375 1176 417 1221 hoc
425 1176 565 1237 opereuliqua
575 1178 612 1222 de-

32 1241 184 1302 prehendent,
206 1242 284 1305 quibus
299 1243 462 1302 contradicaot3
478 1242 565 1302 quidam
577 1239 609 1286 ob

30 1304 85 1351 male
103 1306 208 1351 intellesta
223 1307 287 1353 verba
308 1307 395 1358 nostra,
416 1304 450 1351 alii
468 1308 518 1367 quia
534 1322 610 1368 potum

31 1373 140 1425 commodi
155 1371 167 1416 ὲ
183 1372 260 1440 nostta·
270 1374 375 1419 methodo
388 1373 495 1423 haurient,
512 1386 549 1417 aut
560 1374 610 1434 quia

29 1435 127 1482 inutilem
137 1453 183 1482 eam
195 1438 289 1496 ducent,
305 1437 351 1483 satis
366 1438 461 1484 etuditos
476 1434 512 1489 se,
529 1436 609 1499 illaque

29 1517 75 1547 non
86 1502 180 1565 indigere
191 1518 296 1565 putantes.
328 1505 376 1550 Nos
387 1501 436 1566 ipfis
448 1517 496 1548 cum
505 1503 525 1548 S.
532 1505 610 1566 Augu-

28 1567 83 1613 stino
99 1569 171 1629 paucis
191 1567 359 1630 respondemus3
376 1573 399 1615 δε
421 1568 508 1630 quidem
524 1569 609 1629 primis,

29 1634 89 1695 quod
100 1630 207 1679 defestum
220 1636 297 1696 proprii
315 1633 344 1680 sui
359 1635 440 1698 ingenii
454 1635 558 1695 imputate
568 1649 608 1678 no-

28 1696 60 1743 bis
71 1696 128 1745 nesa's
138 1696 163 1744 fit
175 1715 182 1753 3
199 1698 306 1756 secundis,
323 1702 361 1763 qui
375 1700 502 1760 methodum
515 1699 608 1744 nostram

28 1761 66 1809 sibi
86 1767 158 1812 minus
179 1780 323 1828 opportunam
343 1760 456 1815 dimitam,
471 1766 608 1825 reponimus,

28 1845 69 1876 nos
79 1832 168 1877 minime
178 1833 199 1876 id
210 1847 284 1895 agere,
294 1845 317 1877 ut
335 1832 431 1876 methodi
447 1829 521 1876 nostrae
532 1832 612 1894 praxin.

7 1939 9 1946 Α
25 1896 97 1943 invitis
115 1896 155 1943 illis
172 1895 334 1958 obtrudamus;
356 1901 379 1942 δε
399 1897 480 1945 tertiis,
499 1894 606 1941 scientiam

24 1959 81 2007 suam
90 1962 172 2026 tegulas
182 1962 263 2009 nostras
277 1962 342 2026 longe
357 1963 452 2025 superare
463 1960 607 2026 jathitantibus

24 2042 66 2073 nos
76 2029 134 2075 haud
145 2031 168 2075 in
180 2045 256 2075 cotum
265 2025 352 2092 gretiam
362 2025 454 2089 sctipfisse
465 2028 566 2080 dicimus,
584 2033 607 2074 δε

25 2107 195 2159 quantocunque
205 2097 293 2141 demum
306 2095 393 2157 ingenio
404 2108 469 2155 atque
480 2092 607 2155 scientiaipst

25 2160 105 2220 ptaediti
114 2157 170 2213 sint,
187 2161 235 2223 usus
245 2175 318 2208 tamen
336 2158 415 2222 aliquid
432 2158 535 2216 dnosttis
551 2158 607 2205 sorte

306 2225 349 2284 84
406 2258 436 2285 's
463 2255 464 2258 =
517 2227 607 2291 „perci-
