1495 2681
107 193 109 196 .
119 134 154 196 52‘
179 128 358 211 gileramnus
375 128 472 187 Sinon
490 124 634 187 naama.

121 302 325 352 acmovetevalent.
357 297 700 365 Planequesrmilitratiohabenda

122 365 153 412 est
165 367 306 429 eloquentiae,
323 368 390 431 qualis
406 369 493 421 habeant
503 370 555 413 tatio
570 367 699 414 cantionum,

61 443 63 447 '
126 436 243 496 imaginum
267 432 400 495 aliorumque
424 427 700 493 adminiculorum,qubua

122 500 149 544 ad
164 499 260 543 veritates
275 497 352 563 gratius
366 514 430 560 atque
442 500 467 543 ad
483 497 562 543 sensum
579 511 700 557 accommo-

126 564 194 608 datius
203 565 347 624 exptimendas
355 566 439 607 utimur.
470 565 544 616 Nemo
551 562 638 615 dubitat,
646 562 699 624 quin

125 632 200 675 veritas
208 645 243 690 pet
255 629 341 689 seipsam
353 644 383 671 tes
390 625 413 670 fit
423 626 576 686 amabiliffima,
585 628 700 676 summum,-

67 749 71 754 ,
121 711 165 757 que
175 697 331 755 arqueunicum
343 692 406 736 bearis
413 691 496 737 allatura
502 693 699 756 oblesiamentumtv

121 762 171 821 quia
182 774 233 804 vero
250 771 360 818 corruptus
375 757 443 802 homo
460 760 482 801 in
499 761 605 803 veritatem
619 760 699 804 nudam

120 840 167 870 non
177 840 203 868 eo
212 838 273 883 ‚quo
285 839 321 886 par
331 823 370 873 est,
380 823 441 885 guliu
452 827 553 868 &amore
565 821 642 872 fertur,
652 826 699 870 nie-

120 891 162 936 rito
177 887 217 945 illa
230 888 277 934 sunt
297 888 418 950 adplicanda
446 888 600 941 instrumenta,
620 887 699 950 quibus
727 901 729 904 '

120 970 177 1018 grata
187 959 209 1000 &
220 968 302 1016 accepta
312 958 377 1018 tnagis
386 969 410 999 'ea
420 956 530 1001 reddatur:
547 969 611 1016 atque
621 970 656 1016 pet
665 956 698 999 id·

120 1021 189 1083 ipsum
200 1021 254 1065 ordo
265 1022 293 1065 tei
304 1037 349 1065 non
358 1023 476 1071 invertitur,
493 1023 540 1076 quia
546 1020 583 1065 has
591 1035 662 1081 operas
668 1018 698 1064 ob
745 1061 747 1064 ,

121 1086 184 1147 ipsam
198 1087 348 1130 tantummodo
364 1088 470 1131 veritatem
485 1085 619 1144 adhibemus,
635 1087 662 1130 ita
675 1099 699 1131 ut
740 1133 742 1135 ,

120 1151 155 1198 ille
162 1154 247 1214 'primns
258 1156 280 1195 &
291 1150 376 1196 ultimus
386 1149 434 1196 finit
451 1151 530 1212 semper.
539 1165 665 1213 permaneat.

200 1217 286 1266 Tertio,
298 1214 366 1260 salsam
379 1232 467 1263 omnem
481 1222 508 1263 ὅσ,
519 1215 641 1263 adfectatam
653 1214 698 1261 elo.

121 1283 229 1344 quentiam
242 1283 304 1341 rejicit
315 1281 403 1342 religio:
419 1282 500 1344 poscite
510 1285 614 1329 contrario
625 1279 696 1326 sarturi-

119 1350 174 1394 diam
192 1363 298 1411 gravem,
321 1344 449 1408 sapientem,
472 1352 495 1393 &
517 1348 602 1414 objec‘io
618 1362 698 1392 conve-

118 1417 230 1459 nientem:
254 1414 346 1457 omnino
368 1429 414 1457 non
436 1412 538 1474 adprobat
554 1412 696 1475 eloquentiam

118 1477 282 1530 eliminatam,
294 1476 424 1542 jocularem,
434 1478 545 1528 ludicram,
562 1476 696 1524 antithefibus

119 1550 143 1591 δέ
153 1546 258 1591 continuis
267 1543 396 1605 metaphoris
411 1542 504 1605 plenam,
520 1543 634 1590 verborum
644 1540 698 1594 lusuj

97 1608 99 1611 ’
118 1609 191 1672 figuris
210 1614 233 1657 ὃ(
254 1608 424 1668 descriptionibus
444 1612 539 1669 jucundis
554 1598 697 1672 magisquaiir

119 1674 204 1721 utilibus
215 1673 376 1735 superbientem.
394 1677 446 1720 Vera
457 1674 696 1736 eloquentiannnquam

118 1757 166 1786 non
177 1739 381 1800 sapientiamhabeat
391 1744 497 1785 comitem.
529 1739 593 1805 Qid
599 1739 697 1801 etgbest,

119 1806 231 1869 Augustini
240 1803 302 1851 verba
313 1806 372 1854 sunt,
383 1806 404 1849 in
417 1806 442 1851 de
459 1806 527 1853 dotti.
541 1806 592 1852 Chr.
603 1803 649 1849 Lib.
661 1800 696 1849 IV.

97 1888 99 1890 ’
120 1889 137 1918 c.
144 1879 181 1925 28.
192 1888 213 1925 n.
223 1872 260 1919 61.
268 1871 376 1930 nonfiasam
384 1871 584 1932 eloquenter,vernm
594 1875 656 1914 etiam
663 1869 696 1925 (a.

116 1941 196 2005 pienter
204 1936 281 1988 eiicere,
291 1938 328 1996 nfi
334 1936 397 1980 veria
406 1938 428 1986 in
431 1937 519 1994 ficbmiffia
520 1951 594 1997 genere
598 1934 697 1993 fiafficienss

119 2005 166 2051 tia,
180 2006 200 2046 in
216 2015 326 2063 temperato
336 1999 478 2061 splendentia,
493 2006 513 2045 in
519 2001 582 2061 gravi
592 1999 698 2043 vehemen-

120 2069 152 2111 tia
162 2096 169 2116 ,
177 2069 240 2110 -verit
255 2080 323 2111 tamen
331 2065 391 2109 rebus
400 2080 451 2125 qtms
461 2066 529 2111 audiri
538 2064 697 2126 oporteabadhi-

119 2131 188 2175 bere?
205 2133 297 2176 Primum
313 2145 381 2193 genus
391 2129 500 2181 dimonis,
514 2129 656 2175 adhibendum
667 2128 697 2173 esi
734 2183 736 2187 ,

119 2197 142 2240 in
154 2193 238 2256 fimplici
247 2198 393 2257 mysteriorum
409 2192 537 2256 expositione
547 2193 588 2240 srv'e
597 2198 619 2238 in
631 2190 683 2239 thesi
689 2209 697 2248 ;

119 2259 207 2307 alterum
218 2260 324 2325 inscriptis
334 2260 444 2325 polemicis
456 2258 608 2324 fiveantithesr,
617 2258 698 2322 postre-
721 2262 728 2269 ”

472 2336 475 2340 ’
637 2338 698 2369 mrim
